timestamp,buyer,seller,symbol,currency,price,quantity
100,SUBMISSION,,PANEL_2X2,XIREC,9980,2
100,SUBMISSION,,PEBBLES_XL,XIREC,9966,2
100,SUBMISSION,,ROBOT_DISHES,XIREC,9983,2
300,SUBMISSION,,MICROCHIP_CIRCLE,XIREC,9974,2
300,SUBMISSION,,TRANSLATOR_ASTRO_BLACK,XIREC,9979,2
400,SUBMISSION,,PEBBLES_L,XIREC,9975,2
400,,SUBMISSION,PEBBLES_M,XIREC,10050,2
400,SUBMISSION,,PEBBLES_S,XIREC,9991,2
400,SUBMISSION,,SLEEP_POD_LAMB_WOOL,XIREC,9967,2
400,,SUBMISSION,SLEEP_POD_POLYESTER,XIREC,10012,2
400,,SUBMISSION,TRANSLATOR_VOID_BLUE,XIREC,10015,2
500,,SUBMISSION,GALAXY_SOUNDS_SOLAR_FLAMES,XIREC,10021,2
500,SUBMISSION,,PANEL_1X4,XIREC,9987,2
500,SUBMISSION,,PANEL_2X4,XIREC,9987,2
500,SUBMISSION,,PEBBLES_S,XIREC,9963,2
500,SUBMISSION,,SLEEP_POD_LAMB_WOOL,XIREC,9957,2
500,,SUBMISSION,SLEEP_POD_POLYESTER,XIREC,10034,2
500,,SUBMISSION,TRANSLATOR_VOID_BLUE,XIREC,10032,2
500,,SUBMISSION,UV_VISOR_ORANGE,XIREC,10037,2
600,,SUBMISSION,GALAXY_SOUNDS_SOLAR_FLAMES,XIREC,10027,2
600,,SUBMISSION,PANEL_1X2,XIREC,10029,2
600,SUBMISSION,,PANEL_1X4,XIREC,9974,2
600,,SUBMISSION,PANEL_4X4,XIREC,10021,2
600,SUBMISSION,,ROBOT_DISHES,XIREC,9974,2
600,SUBMISSION,,TRANSLATOR_ECLIPSE_CHARCOAL,XIREC,9985,2
600,,SUBMISSION,TRANSLATOR_VOID_BLUE,XIREC,10039,2
600,SUBMISSION,,UV_VISOR_RED,XIREC,9990,2
700,,SUBMISSION,PANEL_1X2,XIREC,10038,2
700,SUBMISSION,,PANEL_1X4,XIREC,9969,2
700,,SUBMISSION,PEBBLES_XS,XIREC,10064,2
700,SUBMISSION,,ROBOT_DISHES,XIREC,9970,2
700,,SUBMISSION,ROBOT_MOPPING,XIREC,10017,2
700,SUBMISSION,,TRANSLATOR_ECLIPSE_CHARCOAL,XIREC,9976,2
700,,SUBMISSION,UV_VISOR_AMBER,XIREC,10029,2
800,SUBMISSION,,GALAXY_SOUNDS_BLACK_HOLES,XIREC,9988,2
800,,SUBMISSION,GALAXY_SOUNDS_SOLAR_WINDS,XIREC,10030,2
800,SUBMISSION,,PANEL_1X4,XIREC,9957,2
800,SUBMISSION,,PANEL_2X2,XIREC,9962,2
800,SUBMISSION,,ROBOT_DISHES,XIREC,9957,2
800,,SUBMISSION,ROBOT_MOPPING,XIREC,10033,2
800,SUBMISSION,,SLEEP_POD_LAMB_WOOL,XIREC,9945,2
800,,SUBMISSION,TRANSLATOR_SPACE_GRAY,XIREC,10017,2
900,SUBMISSION,,GALAXY_SOUNDS_BLACK_HOLES,XIREC,9980,2
900,,SUBMISSION,GALAXY_SOUNDS_SOLAR_WINDS,XIREC,10052,2
900,,SUBMISSION,PANEL_2X4,XIREC,10006,2
900,SUBMISSION,,PEBBLES_L,XIREC,9973,2
900,,SUBMISSION,ROBOT_MOPPING,XIREC,10027,2
900,SUBMISSION,,ROBOT_VACUUMING,XIREC,9995,2
900,,SUBMISSION,SLEEP_POD_COTTON,XIREC,10020,2
900,SUBMISSION,,SLEEP_POD_LAMB_WOOL,XIREC,9939,2
900,,SUBMISSION,TRANSLATOR_ASTRO_BLACK,XIREC,10004,2
900,,SUBMISSION,UV_VISOR_MAGENTA,XIREC,10022,2
900,SUBMISSION,,UV_VISOR_YELLOW,XIREC,9970,2
1000,SUBMISSION,,GALAXY_SOUNDS_BLACK_HOLES,XIREC,9975,2
1000,SUBMISSION,,GALAXY_SOUNDS_PLANETARY_RINGS,XIREC,9975,2
1000,,SUBMISSION,GALAXY_SOUNDS_SOLAR_WINDS,XIREC,10061,2
1000,,SUBMISSION,OXYGEN_SHAKE_MINT,XIREC,10024,2
1000,SUBMISSION,,PANEL_1X4,XIREC,9944,2
1000,SUBMISSION,,PANEL_2X2,XIREC,9957,2
1000,,SUBMISSION,PANEL_2X4,XIREC,10025,2
1000,SUBMISSION,,ROBOT_VACUUMING,XIREC,9994,2
1000,,SUBMISSION,UV_VISOR_MAGENTA,XIREC,10034,2
1000,SUBMISSION,,UV_VISOR_YELLOW,XIREC,9966,2
1100,SUBMISSION,,GALAXY_SOUNDS_PLANETARY_RINGS,XIREC,9977,2
1100,,SUBMISSION,OXYGEN_SHAKE_MINT,XIREC,10041,2
1100,SUBMISSION,,PANEL_2X2,XIREC,9954,2
1100,,SUBMISSION,PANEL_2X4,XIREC,10019,2
1100,,SUBMISSION,PEBBLES_S,XIREC,10036,2
1100,SUBMISSION,,PEBBLES_XS,XIREC,10020,2
1100,,SUBMISSION,ROBOT_LAUNDRY,XIREC,10016,2
1100,,SUBMISSION,SLEEP_POD_COTTON,XIREC,10023,2
1100,SUBMISSION,,SLEEP_POD_SUEDE,XIREC,9993,2
1100,,SUBMISSION,UV_VISOR_MAGENTA,XIREC,10034,2
1100,SUBMISSION,,UV_VISOR_YELLOW,XIREC,9954,2
1200,SUBMISSION,,GALAXY_SOUNDS_DARK_MATTER,XIREC,9979,2
1200,,SUBMISSION,OXYGEN_SHAKE_MINT,XIREC,10033,2
1200,,SUBMISSION,PANEL_2X4,XIREC,10022,2
1200,,SUBMISSION,PEBBLES_S,XIREC,10055,2
1200,,SUBMISSION,ROBOT_LAUNDRY,XIREC,10030,2
1200,,SUBMISSION,SLEEP_POD_COTTON,XIREC,10027,2
1200,SUBMISSION,,SLEEP_POD_POLYESTER,XIREC,9990,2
1200,SUBMISSION,,UV_VISOR_YELLOW,XIREC,9954,2
1300,SUBMISSION,,MICROCHIP_CIRCLE,XIREC,9971,2
1300,,SUBMISSION,OXYGEN_SHAKE_MINT,XIREC,10040,2
1300,SUBMISSION,,OXYGEN_SHAKE_MORNING_BREATH,XIREC,9988,2
1300,,SUBMISSION,PANEL_2X4,XIREC,10025,2
1300,SUBMISSION,,PEBBLES_M,XIREC,10015,2
1300,,SUBMISSION,PEBBLES_S,XIREC,10086,2
1300,SUBMISSION,,PEBBLES_XS,XIREC,9987,2
1300,,SUBMISSION,ROBOT_LAUNDRY,XIREC,10022,2
1300,,SUBMISSION,ROBOT_MOPPING,XIREC,10038,2
1300,,SUBMISSION,SLEEP_POD_COTTON,XIREC,10032,2
1300,SUBMISSION,,SLEEP_POD_NYLON,XIREC,9993,2
1300,SUBMISSION,,SLEEP_POD_POLYESTER,XIREC,9979,2
1300,SUBMISSION,,SNACKPACK_STRAWBERRY,XIREC,9969,2
1300,SUBMISSION,,UV_VISOR_YELLOW,XIREC,9944,2
1400,,SUBMISSION,OXYGEN_SHAKE_CHOCOLATE,XIREC,10093,2
1400,SUBMISSION,,OXYGEN_SHAKE_GARLIC,XIREC,9970,2
1400,SUBMISSION,,OXYGEN_SHAKE_MORNING_BREATH,XIREC,9979,2
1400,SUBMISSION,,PANEL_2X2,XIREC,9935,2
1400,SUBMISSION,,PEBBLES_M,XIREC,10011,2
1400,,SUBMISSION,PEBBLES_S,XIREC,10086,2
1400,SUBMISSION,,PEBBLES_XS,XIREC,9955,2
1400,,SUBMISSION,ROBOT_LAUNDRY,XIREC,10025,2
1400,,SUBMISSION,SLEEP_POD_COTTON,XIREC,10034,2
1400,SUBMISSION,,SLEEP_POD_POLYESTER,XIREC,9980,2
1400,SUBMISSION,,TRANSLATOR_ASTRO_BLACK,XIREC,9979,2
1400,,SUBMISSION,TRANSLATOR_SPACE_GRAY,XIREC,10014,2
1500,,SUBMISSION,GALAXY_SOUNDS_SOLAR_WINDS,XIREC,10087,2
1500,,SUBMISSION,OXYGEN_SHAKE_CHOCOLATE,XIREC,10093,2
1500,SUBMISSION,,OXYGEN_SHAKE_GARLIC,XIREC,9972,2
1500,,SUBMISSION,PEBBLES_S,XIREC,10089,2
1500,SUBMISSION,,PEBBLES_XS,XIREC,9953,2
1500,,SUBMISSION,ROBOT_DISHES,XIREC,9987,2
1500,,SUBMISSION,ROBOT_LAUNDRY,XIREC,10033,2
1500,SUBMISSION,,ROBOT_VACUUMING,XIREC,9990,2
1500,SUBMISSION,,SLEEP_POD_POLYESTER,XIREC,9979,2
1500,SUBMISSION,,SLEEP_POD_SUEDE,XIREC,9991,2
1500,,SUBMISSION,TRANSLATOR_GRAPHITE_MIST,XIREC,10021,2
1500,SUBMISSION,,TRANSLATOR_VOID_BLUE,XIREC,10004,2
1600,SUBMISSION,,GALAXY_SOUNDS_PLANETARY_RINGS,XIREC,9965,2
1600,SUBMISSION,,GALAXY_SOUNDS_SOLAR_FLAMES,XIREC,10000,2
1600,,SUBMISSION,GALAXY_SOUNDS_SOLAR_WINDS,XIREC,10099,2
1600,,SUBMISSION,OXYGEN_SHAKE_CHOCOLATE,XIREC,10093,2
1600,SUBMISSION,,OXYGEN_SHAKE_GARLIC,XIREC,9960,2
1600,SUBMISSION,,PEBBLES_XS,XIREC,9938,2
1600,SUBMISSION,,SLEEP_POD_POLYESTER,XIREC,9973,2
1600,SUBMISSION,,TRANSLATOR_ASTRO_BLACK,XIREC,9973,2
1700,SUBMISSION,,GALAXY_SOUNDS_DARK_MATTER,XIREC,9977,4
1700,SUBMISSION,,GALAXY_SOUNDS_SOLAR_FLAMES,XIREC,9989,2
1700,SUBMISSION,,GALAXY_SOUNDS_SOLAR_FLAMES,XIREC,9978,4
1700,SUBMISSION,,OXYGEN_SHAKE_EVENING_BREATH,XIREC,9995,4
1700,SUBMISSION,,OXYGEN_SHAKE_GARLIC,XIREC,9962,2
1700,SUBMISSION,,OXYGEN_SHAKE_MORNING_BREATH,XIREC,9961,2
1700,SUBMISSION,,PANEL_4X4,XIREC,10003,4
1700,SUBMISSION,,ROBOT_IRONING,XIREC,9987,4
1700,SUBMISSION,,SLEEP_POD_NYLON,XIREC,9987,4
1700,SUBMISSION,,SLEEP_POD_SUEDE,XIREC,9987,2
1700,SUBMISSION,,SNACKPACK_CHOCOLATE,XIREC,10006,4
1700,SUBMISSION,,SNACKPACK_PISTACHIO,XIREC,9977,4
1700,SUBMISSION,,SNACKPACK_STRAWBERRY,XIREC,9954,4
1700,SUBMISSION,,SNACKPACK_VANILLA,XIREC,9988,4
1700,SUBMISSION,,TRANSLATOR_ASTRO_BLACK,XIREC,9956,2
1700,SUBMISSION,,TRANSLATOR_GRAPHITE_MIST,XIREC,10005,4
1700,SUBMISSION,,TRANSLATOR_VOID_BLUE,XIREC,9999,2
1700,SUBMISSION,,TRANSLATOR_VOID_BLUE,XIREC,9992,4
1700,SUBMISSION,,UV_VISOR_AMBER,XIREC,10013,4
1700,SUBMISSION,,UV_VISOR_ORANGE,XIREC,10018,4
1700,SUBMISSION,,UV_VISOR_RED,XIREC,9973,4
1700,,,GALAXY_SOUNDS_BLACK_HOLES,XIREC,9969,4
1700,,,GALAXY_SOUNDS_PLANETARY_RINGS,XIREC,9957,4
1700,,,GALAXY_SOUNDS_SOLAR_WINDS,XIREC,10084,4
1700,,,OXYGEN_SHAKE_CHOCOLATE,XIREC,10093,4
1700,,,OXYGEN_SHAKE_GARLIC,XIREC,9949,4
1700,,,OXYGEN_SHAKE_MINT,XIREC,10019,4
1700,,,OXYGEN_SHAKE_MORNING_BREATH,XIREC,9949,4
1700,,,PANEL_1X2,XIREC,10018,4
1700,,,PANEL_1X4,XIREC,9926,4
1700,,,PANEL_2X2,XIREC,9934,4
1700,,,PANEL_2X4,XIREC,10013,4
1700,,,ROBOT_DISHES,XIREC,9983,4
1700,,,ROBOT_LAUNDRY,XIREC,10053,4
1700,,,ROBOT_MOPPING,XIREC,10036,4
1700,,,ROBOT_VACUUMING,XIREC,9993,4
1700,,,SLEEP_POD_COTTON,XIREC,10033,4
1700,,,SLEEP_POD_LAMB_WOOL,XIREC,9942,4
1700,,,SLEEP_POD_POLYESTER,XIREC,9960,4
1700,,,SLEEP_POD_SUEDE,XIREC,9978,4
1700,,,SNACKPACK_RASPBERRY,XIREC,10017,4
1700,,,TRANSLATOR_ASTRO_BLACK,XIREC,9947,4
1700,,,TRANSLATOR_ECLIPSE_CHARCOAL,XIREC,9991,4
1700,,,TRANSLATOR_SPACE_GRAY,XIREC,10011,4
1700,,,UV_VISOR_MAGENTA,XIREC,10021,4
1700,,,UV_VISOR_YELLOW,XIREC,9934,4
1800,SUBMISSION,,GALAXY_SOUNDS_SOLAR_FLAMES,XIREC,9987,2
1800,SUBMISSION,,OXYGEN_SHAKE_MORNING_BREATH,XIREC,9950,2
1800,SUBMISSION,,PEBBLES_L,XIREC,9967,2
1800,,SUBMISSION,SLEEP_POD_LAMB_WOOL,XIREC,9963,2
1800,SUBMISSION,,SLEEP_POD_POLYESTER,XIREC,9963,2
1800,SUBMISSION,,SLEEP_POD_SUEDE,XIREC,9988,2
1800,SUBMISSION,,TRANSLATOR_ASTRO_BLACK,XIREC,9948,2
1800,SUBMISSION,,TRANSLATOR_VOID_BLUE,XIREC,9981,2
1900,SUBMISSION,,GALAXY_SOUNDS_SOLAR_FLAMES,XIREC,9980,2
1900,SUBMISSION,,MICROCHIP_CIRCLE,XIREC,9969,2
1900,SUBMISSION,,OXYGEN_SHAKE_MORNING_BREATH,XIREC,9956,2
1900,SUBMISSION,,PANEL_4X4,XIREC,9993,2
1900,SUBMISSION,,PEBBLES_L,XIREC,9955,2
1900,SUBMISSION,,SLEEP_POD_NYLON,XIREC,9990,2
1900,,SUBMISSION,SNACKPACK_VANILLA,XIREC,10009,2
1900,SUBMISSION,,TRANSLATOR_ASTRO_BLACK,XIREC,9931,2
1900,SUBMISSION,,TRANSLATOR_ECLIPSE_CHARCOAL,XIREC,9973,2
1900,SUBMISSION,,TRANSLATOR_VOID_BLUE,XIREC,9976,2
1900,,SUBMISSION,UV_VISOR_MAGENTA,XIREC,10038,2
1900,SUBMISSION,,UV_VISOR_RED,XIREC,9970,2
2000,SUBMISSION,,GALAXY_SOUNDS_BLACK_HOLES,XIREC,9953,2
2000,SUBMISSION,,MICROCHIP_CIRCLE,XIREC,9956,2
2000,SUBMISSION,,PANEL_2X4,XIREC,9996,2
2000,SUBMISSION,,PANEL_4X4,XIREC,9991,2
2000,SUBMISSION,,PEBBLES_L,XIREC,9944,2
2000,,SUBMISSION,PEBBLES_XL,XIREC,9968,2
2000,SUBMISSION,,TRANSLATOR_SPACE_GRAY,XIREC,9994,2
2000,SUBMISSION,,TRANSLATOR_VOID_BLUE,XIREC,9982,2
2000,SUBMISSION,,UV_VISOR_ORANGE,XIREC,10012,2
2100,SUBMISSION,,GALAXY_SOUNDS_BLACK_HOLES,XIREC,9948,2
2100,SUBMISSION,,MICROCHIP_CIRCLE,XIREC,9948,2
2100,SUBMISSION,,PANEL_2X4,XIREC,9996,2
2100,SUBMISSION,,PANEL_4X4,XIREC,9992,2
2100,,SUBMISSION,ROBOT_VACUUMING,XIREC,10014,2
2100,SUBMISSION,,SLEEP_POD_POLYESTER,XIREC,9941,2
2100,SUBMISSION,,TRANSLATOR_ECLIPSE_CHARCOAL,XIREC,9970,2
2100,SUBMISSION,,TRANSLATOR_SPACE_GRAY,XIREC,9990,2
2200,,SUBMISSION,GALAXY_SOUNDS_DARK_MATTER,XIREC,10002,2
2200,SUBMISSION,,PANEL_4X4,XIREC,9980,2
2200,,SUBMISSION,ROBOT_VACUUMING,XIREC,10016,2
2200,SUBMISSION,,TRANSLATOR_VOID_BLUE,XIREC,9972,2
2200,SUBMISSION,,UV_VISOR_ORANGE,XIREC,10000,2
2300,SUBMISSION,,UV_VISOR_ORANGE,XIREC,10000,2
2300,SUBMISSION,,UV_VISOR_RED,XIREC,9964,2
2400,,SUBMISSION,PEBBLES_XL,XIREC,10004,2
2400,SUBMISSION,,TRANSLATOR_SPACE_GRAY,XIREC,9982,2
2400,SUBMISSION,,UV_VISOR_AMBER,XIREC,10008,2
2500,SUBMISSION,,GALAXY_SOUNDS_DARK_MATTER,XIREC,9978,2
2500,SUBMISSION,,PEBBLES_M,XIREC,10001,2
2500,,SUBMISSION,PEBBLES_XL,XIREC,10008,2
2500,SUBMISSION,,ROBOT_IRONING,XIREC,9984,2
2500,SUBMISSION,,TRANSLATOR_SPACE_GRAY,XIREC,9974,2
2600,SUBMISSION,,PEBBLES_M,XIREC,9985,2
2600,,SUBMISSION,PEBBLES_XL,XIREC,10060,2
2600,SUBMISSION,,ROBOT_IRONING,XIREC,9984,2
2600,,SUBMISSION,ROBOT_VACUUMING,XIREC,10017,2
2600,SUBMISSION,,TRANSLATOR_SPACE_GRAY,XIREC,9964,2
2600,SUBMISSION,,UV_VISOR_AMBER,XIREC,9998,2
2700,SUBMISSION,,GALAXY_SOUNDS_DARK_MATTER,XIREC,9963,2
2700,SUBMISSION,,PEBBLES_M,XIREC,9981,2
2700,,SUBMISSION,PEBBLES_XL,XIREC,10042,2
2700,SUBMISSION,,SLEEP_POD_LAMB_WOOL,XIREC,9905,2
2700,,SUBMISSION,SLEEP_POD_NYLON,XIREC,10019,2
2700,SUBMISSION,,TRANSLATOR_SPACE_GRAY,XIREC,9951,2
2700,SUBMISSION,,UV_VISOR_AMBER,XIREC,9994,2
2800,SUBMISSION,,GALAXY_SOUNDS_DARK_MATTER,XIREC,9948,2
2800,,SUBMISSION,PANEL_4X4,XIREC,10011,2
2800,SUBMISSION,,PEBBLES_M,XIREC,9965,2
2800,,SUBMISSION,PEBBLES_XL,XIREC,10080,2
2800,SUBMISSION,,ROBOT_MOPPING,XIREC,9989,2
2800,SUBMISSION,,SLEEP_POD_LAMB_WOOL,XIREC,9884,2
2800,,SUBMISSION,SLEEP_POD_NYLON,XIREC,10030,2
2800,,SUBMISSION,TRANSLATOR_ECLIPSE_CHARCOAL,XIREC,10002,2
2800,SUBMISSION,,TRANSLATOR_GRAPHITE_MIST,XIREC,9994,2
2800,SUBMISSION,,TRANSLATOR_SPACE_GRAY,XIREC,9940,2
2800,SUBMISSION,,UV_VISOR_AMBER,XIREC,9983,2
2900,SUBMISSION,,PANEL_1X2,XIREC,10008,2
2900,SUBMISSION,,ROBOT_MOPPING,XIREC,9998,2
2900,,SUBMISSION,SLEEP_POD_NYLON,XIREC,10032,2
2900,,SUBMISSION,SLEEP_POD_SUEDE,XIREC,10006,2
2900,SUBMISSION,,SNACKPACK_CHOCOLATE,XIREC,9995,2
2900,,SUBMISSION,SNACKPACK_VANILLA,XIREC,10016,2
2900,,SUBMISSION,TRANSLATOR_ECLIPSE_CHARCOAL,XIREC,10002,2
2900,SUBMISSION,,TRANSLATOR_GRAPHITE_MIST,XIREC,9994,2
3000,SUBMISSION,,OXYGEN_SHAKE_CHOCOLATE,XIREC,10006,2
3000,SUBMISSION,,ROBOT_MOPPING,XIREC,9978,2
3000,,SUBMISSION,SLEEP_POD_NYLON,XIREC,10034,2
3000,,SUBMISSION,SLEEP_POD_SUEDE,XIREC,10012,2
3000,SUBMISSION,,SNACKPACK_CHOCOLATE,XIREC,9982,2
3000,,SUBMISSION,SNACKPACK_VANILLA,XIREC,10029,2
3000,,SUBMISSION,TRANSLATOR_ECLIPSE_CHARCOAL,XIREC,10011,2
3100,SUBMISSION,,OXYGEN_SHAKE_CHOCOLATE,XIREC,10006,2
3100,SUBMISSION,,PANEL_4X4,XIREC,9981,2
3100,SUBMISSION,,ROBOT_MOPPING,XIREC,9974,2
3100,,SUBMISSION,SLEEP_POD_NYLON,XIREC,10037,2
3100,,SUBMISSION,SLEEP_POD_SUEDE,XIREC,10010,2
3100,SUBMISSION,,SNACKPACK_CHOCOLATE,XIREC,9987,2
3100,,SUBMISSION,SNACKPACK_RASPBERRY,XIREC,10033,2
3100,,SUBMISSION,SNACKPACK_VANILLA,XIREC,10025,2
3200,SUBMISSION,,OXYGEN_SHAKE_CHOCOLATE,XIREC,10006,2
3200,SUBMISSION,,ROBOT_MOPPING,XIREC,9972,2
3200,,SUBMISSION,ROBOT_VACUUMING,XIREC,10025,2
3200,,SUBMISSION,SLEEP_POD_NYLON,XIREC,10030,2
3200,,SUBMISSION,SLEEP_POD_SUEDE,XIREC,10018,2
3200,,SUBMISSION,SNACKPACK_RASPBERRY,XIREC,10046,2
3200,SUBMISSION,,SNACKPACK_STRAWBERRY,XIREC,9960,2
3200,,SUBMISSION,SNACKPACK_VANILLA,XIREC,10023,2
3200,,SUBMISSION,TRANSLATOR_ECLIPSE_CHARCOAL,XIREC,10011,2
3200,SUBMISSION,,TRANSLATOR_GRAPHITE_MIST,XIREC,9998,2
3300,SUBMISSION,,ROBOT_DISHES,XIREC,9941,2
3300,SUBMISSION,,ROBOT_MOPPING,XIREC,9976,2
3300,,SUBMISSION,ROBOT_VACUUMING,XIREC,10032,2
3300,,SUBMISSION,SLEEP_POD_SUEDE,XIREC,10024,2
3300,,SUBMISSION,SNACKPACK_RASPBERRY,XIREC,10046,2
3300,SUBMISSION,,SNACKPACK_STRAWBERRY,XIREC,9959,2
3300,,SUBMISSION,SNACKPACK_VANILLA,XIREC,10024,2
3300,SUBMISSION,,TRANSLATOR_GRAPHITE_MIST,XIREC,9993,2
3300,SUBMISSION,,UV_VISOR_MAGENTA,XIREC,10003,2
3400,,SUBMISSION,GALAXY_SOUNDS_SOLAR_FLAMES,XIREC,10027,2
3400,SUBMISSION,,ROBOT_MOPPING,XIREC,9956,2
3400,,SUBMISSION,ROBOT_VACUUMING,XIREC,10037,2
3400,,SUBMISSION,SLEEP_POD_SUEDE,XIREC,10016,2
3400,SUBMISSION,,UV_VISOR_MAGENTA,XIREC,10002,2
3500,,SUBMISSION,GALAXY_SOUNDS_SOLAR_FLAMES,XIREC,10024,2
3500,SUBMISSION,,ROBOT_DISHES,XIREC,9937,2
3500,SUBMISSION,,ROBOT_MOPPING,XIREC,9949,2
3500,,SUBMISSION,ROBOT_VACUUMING,XIREC,10039,2
3500,,SUBMISSION,SLEEP_POD_SUEDE,XIREC,10028,2
3500,SUBMISSION,,UV_VISOR_MAGENTA,XIREC,10005,2
3600,,SUBMISSION,GALAXY_SOUNDS_SOLAR_FLAMES,XIREC,10032,2
3600,,SUBMISSION,MICROCHIP_CIRCLE,XIREC,10023,2
3600,SUBMISSION,,ROBOT_MOPPING,XIREC,9955,2
3600,,SUBMISSION,ROBOT_VACUUMING,XIREC,10041,2
3600,SUBMISSION,,SLEEP_POD_NYLON,XIREC,9980,2
3600,,SUBMISSION,SLEEP_POD_SUEDE,XIREC,10035,2
3700,,SUBMISSION,GALAXY_SOUNDS_SOLAR_FLAMES,XIREC,10045,2
3700,,SUBMISSION,MICROCHIP_CIRCLE,XIREC,10006,2
3700,SUBMISSION,,MICROCHIP_TRIANGLE,XIREC,9993,2
3700,SUBMISSION,,OXYGEN_SHAKE_GARLIC,XIREC,9940,2
3700,SUBMISSION,,SLEEP_POD_NYLON,XIREC,9982,2
3700,,SUBMISSION,SLEEP_POD_SUEDE,XIREC,10030,2
3800,,SUBMISSION,GALAXY_SOUNDS_SOLAR_FLAMES,XIREC,10053,2
3800,,SUBMISSION,MICROCHIP_CIRCLE,XIREC,9998,2
3900,SUBMISSION,,GALAXY_SOUNDS_PLANETARY_RINGS,XIREC,9956,2
3900,,SUBMISSION,GALAXY_SOUNDS_SOLAR_FLAMES,XIREC,10044,2
3900,,SUBMISSION,MICROCHIP_CIRCLE,XIREC,9999,2
3900,SUBMISSION,,PEBBLES_XL,XIREC,10043,2
3900,,SUBMISSION,UV_VISOR_MAGENTA,XIREC,10042,2
4000,SUBMISSION,,GALAXY_SOUNDS_PLANETARY_RINGS,XIREC,9941,2
4000,,SUBMISSION,GALAXY_SOUNDS_SOLAR_FLAMES,XIREC,10058,2
4100,,SUBMISSION,GALAXY_SOUNDS_SOLAR_FLAMES,XIREC,10063,2
4100,,SUBMISSION,MICROCHIP_CIRCLE,XIREC,10009,2
4100,,SUBMISSION,UV_VISOR_MAGENTA,XIREC,10048,2
4200,,SUBMISSION,GALAXY_SOUNDS_SOLAR_FLAMES,XIREC,10074,2
4200,,SUBMISSION,UV_VISOR_MAGENTA,XIREC,10063,2
4300,SUBMISSION,,GALAXY_SOUNDS_SOLAR_WINDS,XIREC,10077,2
4300,SUBMISSION,,OXYGEN_SHAKE_MINT,XIREC,10001,2
4300,,SUBMISSION,OXYGEN_SHAKE_MORNING_BREATH,XIREC,9991,2
4400,SUBMISSION,,OXYGEN_SHAKE_MINT,XIREC,9996,2
4400,,SUBMISSION,SLEEP_POD_NYLON,XIREC,10026,2
4500,,SUBMISSION,MICROCHIP_CIRCLE,XIREC,10015,2
4500,SUBMISSION,,OXYGEN_SHAKE_MINT,XIREC,10001,2
4500,,SUBMISSION,PANEL_1X2,XIREC,10038,2
4500,,SUBMISSION,PEBBLES_M,XIREC,10005,3
4500,,SUBMISSION,SNACKPACK_RASPBERRY,XIREC,10053,2
4500,,,PEBBLES_L,XIREC,9854,3
4500,,,PEBBLES_S,XIREC,10178,3
4500,,,PEBBLES_XL,XIREC,10076,3
4500,,,PEBBLES_XS,XIREC,9918,3
4600,,SUBMISSION,MICROCHIP_CIRCLE,XIREC,10019,2
4600,SUBMISSION,,OXYGEN_SHAKE_MINT,XIREC,9991,2
4600,SUBMISSION,,ROBOT_LAUNDRY,XIREC,10042,2
4600,,SUBMISSION,SNACKPACK_RASPBERRY,XIREC,10055,2
4600,SUBMISSION,,TRANSLATOR_ECLIPSE_CHARCOAL,XIREC,9971,2
4700,,SUBMISSION,MICROCHIP_CIRCLE,XIREC,10018,2
4700,SUBMISSION,,OXYGEN_SHAKE_MINT,XIREC,10001,2
4700,,SUBMISSION,OXYGEN_SHAKE_MORNING_BREATH,XIREC,9995,2
4700,SUBMISSION,,ROBOT_LAUNDRY,XIREC,10048,2
4700,,SUBMISSION,SLEEP_POD_NYLON,XIREC,10025,2
4700,SUBMISSION,,UV_VISOR_MAGENTA,XIREC,10013,2
4800,,SUBMISSION,OXYGEN_SHAKE_MORNING_BREATH,XIREC,9999,2
4800,SUBMISSION,,ROBOT_LAUNDRY,XIREC,10058,2
4800,,SUBMISSION,SLEEP_POD_NYLON,XIREC,10034,2
4800,SUBMISSION,,TRANSLATOR_ECLIPSE_CHARCOAL,XIREC,9970,2
4900,SUBMISSION,,OXYGEN_SHAKE_MINT,XIREC,9990,2
4900,,SUBMISSION,OXYGEN_SHAKE_MORNING_BREATH,XIREC,10008,2
4900,,SUBMISSION,PANEL_4X4,XIREC,10017,2
4900,,SUBMISSION,SLEEP_POD_NYLON,XIREC,10040,2
5000,,SUBMISSION,OXYGEN_SHAKE_MORNING_BREATH,XIREC,10018,2
5000,,SUBMISSION,PANEL_2X4,XIREC,10020,2
5000,,SUBMISSION,SLEEP_POD_NYLON,XIREC,10042,2
5100,,SUBMISSION,GALAXY_SOUNDS_PLANETARY_RINGS,XIREC,9981,2
5100,,SUBMISSION,MICROCHIP_OVAL,XIREC,10013,2
5100,,SUBMISSION,OXYGEN_SHAKE_MORNING_BREATH,XIREC,10028,2
5100,SUBMISSION,,UV_VISOR_MAGENTA,XIREC,10002,2
5200,,SUBMISSION,MICROCHIP_CIRCLE,XIREC,10030,2
5200,SUBMISSION,,OXYGEN_SHAKE_CHOCOLATE,XIREC,9976,2
5200,SUBMISSION,,OXYGEN_SHAKE_MINT,XIREC,9992,2
5200,,SUBMISSION,PEBBLES_L,XIREC,9866,2
5200,SUBMISSION,,UV_VISOR_MAGENTA,XIREC,9993,2
5300,,SUBMISSION,MICROCHIP_OVAL,XIREC,10002,2
5300,SUBMISSION,,OXYGEN_SHAKE_CHOCOLATE,XIREC,9966,2
5300,SUBMISSION,,OXYGEN_SHAKE_MINT,XIREC,9985,2
5300,,SUBMISSION,OXYGEN_SHAKE_MORNING_BREATH,XIREC,10028,2
5300,,SUBMISSION,SNACKPACK_VANILLA,XIREC,10039,2
5300,SUBMISSION,,UV_VISOR_MAGENTA,XIREC,9990,2
5400,,SUBMISSION,MICROCHIP_CIRCLE,XIREC,10040,2
5400,,SUBMISSION,MICROCHIP_OVAL,XIREC,10012,2
5400,SUBMISSION,,MICROCHIP_TRIANGLE,XIREC,9990,2
5400,SUBMISSION,,OXYGEN_SHAKE_MINT,XIREC,9983,2
5400,,SUBMISSION,OXYGEN_SHAKE_MORNING_BREATH,XIREC,10034,2
5400,,SUBMISSION,ROBOT_IRONING,XIREC,10096,2
5400,,SUBMISSION,TRANSLATOR_ASTRO_BLACK,XIREC,9945,2
5400,SUBMISSION,,UV_VISOR_MAGENTA,XIREC,10001,2
5500,,SUBMISSION,GALAXY_SOUNDS_PLANETARY_RINGS,XIREC,9989,2
5500,,SUBMISSION,OXYGEN_SHAKE_GARLIC,XIREC,9957,2
5500,,SUBMISSION,OXYGEN_SHAKE_MORNING_BREATH,XIREC,10033,2
5500,,SUBMISSION,PANEL_1X2,XIREC,10043,2
5500,,SUBMISSION,PANEL_2X4,XIREC,10026,2
5500,SUBMISSION,,PEBBLES_M,XIREC,9945,2
5500,,SUBMISSION,ROBOT_IRONING,XIREC,10096,2
5500,,SUBMISSION,TRANSLATOR_ASTRO_BLACK,XIREC,9955,2
5500,,SUBMISSION,TRANSLATOR_ECLIPSE_CHARCOAL,XIREC,10006,2
5500,,SUBMISSION,UV_VISOR_RED,XIREC,9959,2
5600,,SUBMISSION,GALAXY_SOUNDS_DARK_MATTER,XIREC,9983,2
5600,,SUBMISSION,OXYGEN_SHAKE_MORNING_BREATH,XIREC,10047,2
5600,,SUBMISSION,PANEL_2X4,XIREC,10029,2
5600,SUBMISSION,,PEBBLES_M,XIREC,9933,1
5600,,SUBMISSION,ROBOT_IRONING,XIREC,10096,2
5600,SUBMISSION,,ROBOT_LAUNDRY,XIREC,10058,2
5600,,SUBMISSION,ROBOT_MOPPING,XIREC,10017,2
5600,,SUBMISSION,SLEEP_POD_LAMB_WOOL,XIREC,9941,2
5600,,SUBMISSION,SLEEP_POD_POLYESTER,XIREC,9863,2
5600,,SUBMISSION,TRANSLATOR_ASTRO_BLACK,XIREC,9953,2
5600,,SUBMISSION,TRANSLATOR_ECLIPSE_CHARCOAL,XIREC,10011,2
5600,,SUBMISSION,TRANSLATOR_VOID_BLUE,XIREC,9929,2
5600,SUBMISSION,,UV_VISOR_MAGENTA,XIREC,9998,2
5700,,SUBMISSION,GALAXY_SOUNDS_DARK_MATTER,XIREC,9985,2
5700,,SUBMISSION,GALAXY_SOUNDS_PLANETARY_RINGS,XIREC,9985,2
5700,SUBMISSION,,GALAXY_SOUNDS_SOLAR_WINDS,XIREC,10086,2
5700,SUBMISSION,,MICROCHIP_OVAL,XIREC,9978,2
5700,SUBMISSION,,MICROCHIP_OVAL,XIREC,9971,1
5700,SUBMISSION,,MICROCHIP_RECTANGLE,XIREC,9999,1
5700,SUBMISSION,,MICROCHIP_SQUARE,XIREC,9999,1
5700,SUBMISSION,,PEBBLES_XL,XIREC,10046,2
5700,,SUBMISSION,ROBOT_IRONING,XIREC,10096,2
5700,,SUBMISSION,ROBOT_MOPPING,XIREC,10020,2
5700,,SUBMISSION,SLEEP_POD_LAMB_WOOL,XIREC,9966,2
5700,,SUBMISSION,SLEEP_POD_POLYESTER,XIREC,9877,2
5700,,SUBMISSION,TRANSLATOR_ASTRO_BLACK,XIREC,9956,2
5700,,SUBMISSION,TRANSLATOR_ECLIPSE_CHARCOAL,XIREC,10022,2
5700,,SUBMISSION,TRANSLATOR_VOID_BLUE,XIREC,9933,2
5700,,,MICROCHIP_CIRCLE,XIREC,10036,1
5700,,,MICROCHIP_TRIANGLE,XIREC,9985,1
5800,,SUBMISSION,GALAXY_SOUNDS_DARK_MATTER,XIREC,9994,2
5800,,SUBMISSION,GALAXY_SOUNDS_PLANETARY_RINGS,XIREC,9981,2
5800,SUBMISSION,,GALAXY_SOUNDS_SOLAR_WINDS,XIREC,10078,2
5800,SUBMISSION,,MICROCHIP_OVAL,XIREC,9965,2
5800,SUBMISSION,,PEBBLES_XL,XIREC,10034,2
5800,,SUBMISSION,ROBOT_IRONING,XIREC,10096,2
5800,,SUBMISSION,SLEEP_POD_LAMB_WOOL,XIREC,9962,2
5800,,SUBMISSION,TRANSLATOR_ECLIPSE_CHARCOAL,XIREC,10025,2
5800,,SUBMISSION,UV_VISOR_ORANGE,XIREC,10041,2
5900,,SUBMISSION,GALAXY_SOUNDS_DARK_MATTER,XIREC,9994,2
5900,,SUBMISSION,GALAXY_SOUNDS_PLANETARY_RINGS,XIREC,9985,2
5900,SUBMISSION,,GALAXY_SOUNDS_SOLAR_WINDS,XIREC,10073,2
5900,SUBMISSION,,MICROCHIP_OVAL,XIREC,9953,2
5900,SUBMISSION,,OXYGEN_SHAKE_EVENING_BREATH,XIREC,9986,2
5900,,SUBMISSION,PANEL_4X4,XIREC,10009,2
5900,,SUBMISSION,ROBOT_IRONING,XIREC,10096,2
5900,,SUBMISSION,ROBOT_MOPPING,XIREC,10028,2
5900,,SUBMISSION,SLEEP_POD_LAMB_WOOL,XIREC,9957,2
5900,,SUBMISSION,TRANSLATOR_ASTRO_BLACK,XIREC,9959,2
5900,,SUBMISSION,TRANSLATOR_ECLIPSE_CHARCOAL,XIREC,10027,2
5900,,SUBMISSION,UV_VISOR_ORANGE,XIREC,10045,2
5900,,SUBMISSION,UV_VISOR_YELLOW,XIREC,9902,2
6000,,SUBMISSION,GALAXY_SOUNDS_DARK_MATTER,XIREC,9993,2
6000,SUBMISSION,,GALAXY_SOUNDS_SOLAR_WINDS,XIREC,10063,2
6000,SUBMISSION,,MICROCHIP_OVAL,XIREC,9946,2
6000,,SUBMISSION,PANEL_4X4,XIREC,10004,2
6000,,SUBMISSION,ROBOT_IRONING,XIREC,10096,2
6000,,SUBMISSION,ROBOT_MOPPING,XIREC,10037,2
6000,,SUBMISSION,SLEEP_POD_LAMB_WOOL,XIREC,9943,2
6000,,SUBMISSION,SLEEP_POD_POLYESTER,XIREC,9898,2
6000,,SUBMISSION,TRANSLATOR_ASTRO_BLACK,XIREC,9963,2
6000,,SUBMISSION,TRANSLATOR_ECLIPSE_CHARCOAL,XIREC,10020,2
6000,,SUBMISSION,TRANSLATOR_VOID_BLUE,XIREC,9945,2
6000,,SUBMISSION,UV_VISOR_ORANGE,XIREC,10045,2
6100,,SUBMISSION,GALAXY_SOUNDS_DARK_MATTER,XIREC,10001,2
6100,SUBMISSION,,GALAXY_SOUNDS_SOLAR_WINDS,XIREC,10045,2
6100,SUBMISSION,,MICROCHIP_OVAL,XIREC,9954,2
6100,SUBMISSION,,OXYGEN_SHAKE_EVENING_BREATH,XIREC,9976,2
6100,SUBMISSION,,PANEL_1X2,XIREC,10016,2
6100,,SUBMISSION,PANEL_4X4,XIREC,10022,2
6100,SUBMISSION,,PEBBLES_XL,XIREC,10000,2
6100,,SUBMISSION,ROBOT_IRONING,XIREC,10096,2
6100,,SUBMISSION,ROBOT_MOPPING,XIREC,10041,2
6100,,SUBMISSION,TRANSLATOR_ASTRO_BLACK,XIREC,9970,2
6100,,SUBMISSION,TRANSLATOR_ECLIPSE_CHARCOAL,XIREC,10030,2
6100,,SUBMISSION,UV_VISOR_ORANGE,XIREC,10044,2
6100,,SUBMISSION,UV_VISOR_YELLOW,XIREC,9903,2
6200,SUBMISSION,,GALAXY_SOUNDS_SOLAR_WINDS,XIREC,10044,2
6200,SUBMISSION,,MICROCHIP_OVAL,XIREC,9955,2
6200,SUBMISSION,,OXYGEN_SHAKE_EVENING_BREATH,XIREC,9976,2
6200,SUBMISSION,,PANEL_1X2,XIREC,10007,2
6200,,SUBMISSION,PANEL_4X4,XIREC,10008,2
6200,,SUBMISSION,PEBBLES_L,XIREC,9870,2
6200,SUBMISSION,,PEBBLES_XL,XIREC,9961,2
6200,,SUBMISSION,ROBOT_IRONING,XIREC,10096,2
6200,,SUBMISSION,ROBOT_MOPPING,XIREC,10039,2
6200,,SUBMISSION,TRANSLATOR_ASTRO_BLACK,XIREC,9979,2
6200,,SUBMISSION,TRANSLATOR_VOID_BLUE,XIREC,9959,2
6200,,SUBMISSION,UV_VISOR_AMBER,XIREC,9837,2
6200,,SUBMISSION,UV_VISOR_ORANGE,XIREC,10047,2
6200,,SUBMISSION,UV_VISOR_YELLOW,XIREC,9913,2
6300,SUBMISSION,,GALAXY_SOUNDS_SOLAR_WINDS,XIREC,10045,2
6300,SUBMISSION,,MICROCHIP_OVAL,XIREC,9954,2
6300,SUBMISSION,,PANEL_1X2,XIREC,10001,2
6300,,SUBMISSION,PANEL_4X4,XIREC,10034,2
6300,,SUBMISSION,PEBBLES_L,XIREC,9882,2
6300,SUBMISSION,,PEBBLES_XL,XIREC,9890,2
6300,,SUBMISSION,ROBOT_MOPPING,XIREC,10046,2
6300,,SUBMISSION,TRANSLATOR_VOID_BLUE,XIREC,9966,2
6300,SUBMISSION,,UV_VISOR_MAGENTA,XIREC,9992,2
6300,,SUBMISSION,UV_VISOR_RED,XIREC,9964,2
6300,,SUBMISSION,UV_VISOR_YELLOW,XIREC,9918,2
6400,SUBMISSION,,GALAXY_SOUNDS_SOLAR_WINDS,XIREC,10045,2
6400,SUBMISSION,,MICROCHIP_OVAL,XIREC,9957,1
6400,SUBMISSION,,PANEL_1X2,XIREC,10011,2
6400,,SUBMISSION,PANEL_4X4,XIREC,10046,2
6400,,SUBMISSION,PEBBLES_L,XIREC,9886,2
6400,SUBMISSION,,PEBBLES_XL,XIREC,9888,2
6400,,SUBMISSION,PEBBLES_XS,XIREC,10009,2
6400,,SUBMISSION,SLEEP_POD_LAMB_WOOL,XIREC,9951,2
6400,SUBMISSION,,SLEEP_POD_SUEDE,XIREC,9994,2
6400,,SUBMISSION,TRANSLATOR_ASTRO_BLACK,XIREC,9990,2
6400,,SUBMISSION,TRANSLATOR_SPACE_GRAY,XIREC,9910,2
6400,,SUBMISSION,TRANSLATOR_VOID_BLUE,XIREC,9968,2
6400,SUBMISSION,,UV_VISOR_MAGENTA,XIREC,9987,2
6400,,SUBMISSION,UV_VISOR_RED,XIREC,9972,2
6400,,SUBMISSION,UV_VISOR_YELLOW,XIREC,9931,2
6500,,SUBMISSION,PANEL_4X4,XIREC,10035,2
6500,SUBMISSION,,PEBBLES_XL,XIREC,9908,2
6500,,SUBMISSION,PEBBLES_XS,XIREC,10021,2
6500,,SUBMISSION,SLEEP_POD_POLYESTER,XIREC,9879,2
6500,SUBMISSION,,SLEEP_POD_SUEDE,XIREC,10003,2
6500,,SUBMISSION,TRANSLATOR_ASTRO_BLACK,XIREC,10010,2
6500,,SUBMISSION,TRANSLATOR_VOID_BLUE,XIREC,9979,2
6500,,SUBMISSION,UV_VISOR_AMBER,XIREC,9857,2
6500,,SUBMISSION,UV_VISOR_ORANGE,XIREC,10053,2
6500,,SUBMISSION,UV_VISOR_RED,XIREC,9972,2
6500,,SUBMISSION,UV_VISOR_YELLOW,XIREC,9933,2
6600,SUBMISSION,,PANEL_1X2,XIREC,10011,2
6600,,SUBMISSION,PANEL_4X4,XIREC,10036,2
6600,SUBMISSION,,PEBBLES_XL,XIREC,9877,2
6600,,SUBMISSION,PEBBLES_XS,XIREC,10001,2
6600,SUBMISSION,,SLEEP_POD_SUEDE,XIREC,9999,2
6600,,SUBMISSION,TRANSLATOR_VOID_BLUE,XIREC,9986,2
6600,,SUBMISSION,UV_VISOR_ORANGE,XIREC,10053,2
6600,,SUBMISSION,UV_VISOR_RED,XIREC,9983,2
6600,,SUBMISSION,UV_VISOR_YELLOW,XIREC,9942,2
6700,SUBMISSION,,GALAXY_SOUNDS_SOLAR_WINDS,XIREC,10029,2
6700,,SUBMISSION,PEBBLES_XS,XIREC,9990,2
6700,,SUBMISSION,SLEEP_POD_LAMB_WOOL,XIREC,9959,2
6700,,SUBMISSION,UV_VISOR_ORANGE,XIREC,10049,2
6700,,SUBMISSION,UV_VISOR_RED,XIREC,9981,2
6700,,SUBMISSION,UV_VISOR_YELLOW,XIREC,9939,2
6800,,SUBMISSION,GALAXY_SOUNDS_BLACK_HOLES,XIREC,9878,2
6800,SUBMISSION,,OXYGEN_SHAKE_GARLIC,XIREC,9903,2
6800,,SUBMISSION,PANEL_4X4,XIREC,10036,2
6800,,SUBMISSION,PEBBLES_L,XIREC,9886,2
6800,,SUBMISSION,PEBBLES_XS,XIREC,10001,2
6800,,SUBMISSION,SLEEP_POD_LAMB_WOOL,XIREC,9973,2
6800,SUBMISSION,,SLEEP_POD_SUEDE,XIREC,9994,2
6800,SUBMISSION,,UV_VISOR_MAGENTA,XIREC,9965,2
6800,,SUBMISSION,UV_VISOR_RED,XIREC,10005,2
6800,,SUBMISSION,UV_VISOR_YELLOW,XIREC,9962,2
6900,,SUBMISSION,GALAXY_SOUNDS_BLACK_HOLES,XIREC,9895,2
6900,SUBMISSION,,SLEEP_POD_COTTON,XIREC,10081,2
6900,,SUBMISSION,SLEEP_POD_POLYESTER,XIREC,9888,2
6900,SUBMISSION,,SLEEP_POD_SUEDE,XIREC,9998,2
6900,,SUBMISSION,UV_VISOR_RED,XIREC,10007,2
6900,,SUBMISSION,UV_VISOR_YELLOW,XIREC,9973,2
7000,,SUBMISSION,PEBBLES_L,XIREC,9919,2
7000,SUBMISSION,,ROBOT_IRONING,XIREC,10004,2
7000,SUBMISSION,,ROBOT_VACUUMING,XIREC,9996,2
7000,SUBMISSION,,SLEEP_POD_COTTON,XIREC,10058,2
7000,,SUBMISSION,SLEEP_POD_POLYESTER,XIREC,9913,2
7000,,SUBMISSION,TRANSLATOR_VOID_BLUE,XIREC,10025,2
7000,,SUBMISSION,UV_VISOR_RED,XIREC,10014,2
7100,,SUBMISSION,MICROCHIP_OVAL,XIREC,9997,2
7100,,SUBMISSION,PANEL_1X2,XIREC,10039,2
7100,SUBMISSION,,PEBBLES_S,XIREC,10253,2
7100,SUBMISSION,,ROBOT_IRONING,XIREC,10004,2
7100,SUBMISSION,,ROBOT_VACUUMING,XIREC,10000,2
7100,SUBMISSION,,SLEEP_POD_COTTON,XIREC,10063,2
7100,SUBMISSION,,SLEEP_POD_SUEDE,XIREC,9996,2
7100,,SUBMISSION,UV_VISOR_RED,XIREC,10019,2
7200,,SUBMISSION,MICROCHIP_OVAL,XIREC,10001,2
7200,,SUBMISSION,PANEL_1X2,XIREC,10050,2
7200,SUBMISSION,,ROBOT_IRONING,XIREC,10004,2
7200,SUBMISSION,,ROBOT_VACUUMING,XIREC,9984,2
7200,,SUBMISSION,TRANSLATOR_SPACE_GRAY,XIREC,9897,2
7300,,SUBMISSION,PANEL_1X2,XIREC,10052,2
7300,SUBMISSION,,ROBOT_IRONING,XIREC,10004,2
7300,SUBMISSION,,ROBOT_VACUUMING,XIREC,9980,2
7300,SUBMISSION,,SLEEP_POD_SUEDE,XIREC,9991,2
7300,,SUBMISSION,TRANSLATOR_SPACE_GRAY,XIREC,9904,2
7400,,SUBMISSION,PANEL_1X2,XIREC,10058,2
7400,,SUBMISSION,PANEL_1X4,XIREC,9839,2
7400,SUBMISSION,,ROBOT_VACUUMING,XIREC,9983,2
7400,SUBMISSION,,SLEEP_POD_SUEDE,XIREC,9992,2
7400,,SUBMISSION,TRANSLATOR_SPACE_GRAY,XIREC,9916,2
7400,,SUBMISSION,UV_VISOR_AMBER,XIREC,9824,2
7500,,SUBMISSION,PANEL_1X2,XIREC,10082,2
7500,,SUBMISSION,PEBBLES_M,XIREC,10014,2
7500,SUBMISSION,,ROBOT_IRONING,XIREC,9984,2
7500,SUBMISSION,,ROBOT_VACUUMING,XIREC,9979,2
7500,SUBMISSION,,SLEEP_POD_SUEDE,XIREC,9987,2
7500,,SUBMISSION,TRANSLATOR_GRAPHITE_MIST,XIREC,9906,2
7500,,SUBMISSION,UV_VISOR_ORANGE,XIREC,10064,2
7600,SUBMISSION,,GALAXY_SOUNDS_DARK_MATTER,XIREC,9938,2
7600,,SUBMISSION,PANEL_1X2,XIREC,10065,2
7600,,SUBMISSION,PEBBLES_M,XIREC,10013,2
7600,SUBMISSION,,PEBBLES_S,XIREC,10236,2
7600,SUBMISSION,,ROBOT_VACUUMING,XIREC,9997,2
7600,SUBMISSION,,SLEEP_POD_SUEDE,XIREC,9981,2
7600,,SUBMISSION,TRANSLATOR_SPACE_GRAY,XIREC,9916,2
7700,SUBMISSION,,GALAXY_SOUNDS_DARK_MATTER,XIREC,9937,2
7700,,SUBMISSION,PANEL_1X2,XIREC,10060,2
7700,,SUBMISSION,PEBBLES_M,XIREC,10020,2
7700,,SUBMISSION,PEBBLES_XS,XIREC,10003,2
7700,,SUBMISSION,ROBOT_DISHES,XIREC,9957,2
7700,SUBMISSION,,ROBOT_VACUUMING,XIREC,9983,2
7700,,SUBMISSION,UV_VISOR_AMBER,XIREC,9843,2
7800,SUBMISSION,,GALAXY_SOUNDS_DARK_MATTER,XIREC,9928,2
7800,,SUBMISSION,PEBBLES_M,XIREC,10007,2
7800,,SUBMISSION,PEBBLES_XS,XIREC,10031,2
7800,,SUBMISSION,ROBOT_DISHES,XIREC,9963,2
7900,SUBMISSION,,GALAXY_SOUNDS_DARK_MATTER,XIREC,9906,2
7900,,SUBMISSION,ROBOT_DISHES,XIREC,9943,2
7900,SUBMISSION,,ROBOT_LAUNDRY,XIREC,10056,2
7900,SUBMISSION,,SLEEP_POD_COTTON,XIREC,10072,2
8000,SUBMISSION,,GALAXY_SOUNDS_DARK_MATTER,XIREC,9899,2
8000,SUBMISSION,,GALAXY_SOUNDS_SOLAR_FLAMES,XIREC,10123,2
8000,SUBMISSION,,MICROCHIP_OVAL,XIREC,9948,2
8000,,SUBMISSION,OXYGEN_SHAKE_CHOCOLATE,XIREC,9994,2
8000,,SUBMISSION,PANEL_1X4,XIREC,9865,2
8000,,SUBMISSION,ROBOT_DISHES,XIREC,9924,2
8000,SUBMISSION,,SLEEP_POD_COTTON,XIREC,10045,2
8100,SUBMISSION,,GALAXY_SOUNDS_DARK_MATTER,XIREC,9900,2
8100,SUBMISSION,,GALAXY_SOUNDS_SOLAR_FLAMES,XIREC,10120,2
8100,SUBMISSION,,MICROCHIP_OVAL,XIREC,9946,2
8100,,SUBMISSION,OXYGEN_SHAKE_CHOCOLATE,XIREC,9994,2
8100,,SUBMISSION,PANEL_1X4,XIREC,9863,2
8100,,SUBMISSION,PEBBLES_L,XIREC,9915,2
8100,SUBMISSION,,SLEEP_POD_COTTON,XIREC,10048,2
8100,SUBMISSION,,TRANSLATOR_SPACE_GRAY,XIREC,9897,2
8200,SUBMISSION,,GALAXY_SOUNDS_SOLAR_FLAMES,XIREC,10109,2
8200,,SUBMISSION,PANEL_1X4,XIREC,9862,2
8200,,SUBMISSION,PEBBLES_M,XIREC,10016,2
8200,,SUBMISSION,PEBBLES_XS,XIREC,10054,2
8200,SUBMISSION,,SLEEP_POD_COTTON,XIREC,10043,2
8200,SUBMISSION,,SNACKPACK_RASPBERRY,XIREC,10049,2
8300,SUBMISSION,,MICROCHIP_CIRCLE,XIREC,10041,2
8300,SUBMISSION,,PANEL_1X2,XIREC,10010,2
8300,SUBMISSION,,PEBBLES_S,XIREC,10220,2
8300,SUBMISSION,,SNACKPACK_RASPBERRY,XIREC,10034,2
8300,,SUBMISSION,SNACKPACK_STRAWBERRY,XIREC,9966,2
8400,SUBMISSION,,GALAXY_SOUNDS_SOLAR_FLAMES,XIREC,10092,2
8400,SUBMISSION,,MICROCHIP_CIRCLE,XIREC,10030,2
8400,,SUBMISSION,OXYGEN_SHAKE_MINT,XIREC,10010,2
8400,SUBMISSION,,PANEL_1X2,XIREC,10012,2
8400,SUBMISSION,,ROBOT_IRONING,XIREC,9974,2
8400,SUBMISSION,,ROBOT_VACUUMING,XIREC,9983,2
8400,SUBMISSION,,SLEEP_POD_POLYESTER,XIREC,9841,2
8400,SUBMISSION,,SNACKPACK_RASPBERRY,XIREC,10043,2
8500,SUBMISSION,,GALAXY_SOUNDS_SOLAR_FLAMES,XIREC,10083,2
8500,SUBMISSION,,MICROCHIP_CIRCLE,XIREC,10027,2
8500,,SUBMISSION,OXYGEN_SHAKE_MINT,XIREC,10013,2
8500,SUBMISSION,,PANEL_1X2,XIREC,9993,2
8500,,SUBMISSION,PANEL_1X4,XIREC,9887,2
8500,SUBMISSION,,ROBOT_VACUUMING,XIREC,9980,2
8500,SUBMISSION,,SLEEP_POD_POLYESTER,XIREC,9836,2
8500,SUBMISSION,,UV_VISOR_AMBER,XIREC,9782,2
8600,SUBMISSION,,MICROCHIP_CIRCLE,XIREC,10013,2
8600,,SUBMISSION,OXYGEN_SHAKE_MINT,XIREC,10008,2
8600,SUBMISSION,,PANEL_1X2,XIREC,10000,2
8600,,SUBMISSION,PANEL_1X4,XIREC,9906,2
8600,SUBMISSION,,ROBOT_IRONING,XIREC,9954,2
8600,,SUBMISSION,ROBOT_LAUNDRY,XIREC,10097,2
8600,SUBMISSION,,SLEEP_POD_POLYESTER,XIREC,9828,2
8600,,SUBMISSION,SNACKPACK_CHOCOLATE,XIREC,9966,2
8600,SUBMISSION,,SNACKPACK_RASPBERRY,XIREC,10040,2
8600,,SUBMISSION,SNACKPACK_STRAWBERRY,XIREC,9959,2
8600,,SUBMISSION,TRANSLATOR_GRAPHITE_MIST,XIREC,9885,2
8700,,SUBMISSION,OXYGEN_SHAKE_MINT,XIREC,10009,2
8700,SUBMISSION,,PANEL_1X2,XIREC,10009,2
8700,,SUBMISSION,PANEL_1X4,XIREC,9923,2
8700,,SUBMISSION,TRANSLATOR_GRAPHITE_MIST,XIREC,9896,2
8800,SUBMISSION,,MICROCHIP_CIRCLE,XIREC,10021,2
8800,SUBMISSION,,PANEL_1X2,XIREC,10007,2
8800,,SUBMISSION,PANEL_1X4,XIREC,9921,2
8800,,SUBMISSION,ROBOT_DISHES,XIREC,9954,2
8800,,SUBMISSION,ROBOT_LAUNDRY,XIREC,10114,2
8800,SUBMISSION,,SLEEP_POD_POLYESTER,XIREC,9812,2
8800,,SUBMISSION,SNACKPACK_CHOCOLATE,XIREC,9969,2
8800,,SUBMISSION,TRANSLATOR_GRAPHITE_MIST,XIREC,9926,2
8800,,SUBMISSION,UV_VISOR_AMBER,XIREC,9785,2
8900,SUBMISSION,,PANEL_1X2,XIREC,10003,2
8900,,SUBMISSION,PEBBLES_XS,XIREC,10135,2
8900,,SUBMISSION,TRANSLATOR_GRAPHITE_MIST,XIREC,9936,2
8900,,SUBMISSION,TRANSLATOR_SPACE_GRAY,XIREC,9911,2
9000,SUBMISSION,,GALAXY_SOUNDS_PLANETARY_RINGS,XIREC,9943,2
9000,,SUBMISSION,MICROCHIP_RECTANGLE,XIREC,10012,1
9000,,SUBMISSION,MICROCHIP_SQUARE,XIREC,10014,1
9000,,SUBMISSION,MICROCHIP_TRIANGLE,XIREC,9989,1
9000,,SUBMISSION,OXYGEN_SHAKE_MINT,XIREC,10007,2
9000,SUBMISSION,,OXYGEN_SHAKE_MORNING_BREATH,XIREC,10101,2
9000,SUBMISSION,,PANEL_1X2,XIREC,9987,2
9000,,,MICROCHIP_CIRCLE,XIREC,10034,1
9000,,,MICROCHIP_OVAL,XIREC,9877,1
9100,SUBMISSION,,GALAXY_SOUNDS_PLANETARY_RINGS,XIREC,9940,2
9100,,SUBMISSION,OXYGEN_SHAKE_MINT,XIREC,10022,2
9100,SUBMISSION,,PANEL_1X2,XIREC,9995,2
9100,,SUBMISSION,PEBBLES_S,XIREC,10264,2
9100,SUBMISSION,,SLEEP_POD_NYLON,XIREC,10031,2
9100,,SUBMISSION,SNACKPACK_STRAWBERRY,XIREC,9964,2
9100,,SUBMISSION,TRANSLATOR_GRAPHITE_MIST,XIREC,9941,2
9200,SUBMISSION,,MICROCHIP_CIRCLE,XIREC,10000,2
9200,,SUBMISSION,OXYGEN_SHAKE_MINT,XIREC,10031,2
9200,SUBMISSION,,PANEL_1X2,XIREC,9989,2
9200,,SUBMISSION,PEBBLES_S,XIREC,10296,2
9200,SUBMISSION,,SLEEP_POD_NYLON,XIREC,10012,2
9200,,SUBMISSION,TRANSLATOR_GRAPHITE_MIST,XIREC,9954,2
9200,,SUBMISSION,TRANSLATOR_SPACE_GRAY,XIREC,9923,2
9300,SUBMISSION,,GALAXY_SOUNDS_PLANETARY_RINGS,XIREC,9937,2
9300,,SUBMISSION,OXYGEN_SHAKE_MINT,XIREC,10032,2
9300,,SUBMISSION,PANEL_1X4,XIREC,9937,2
9300,SUBMISSION,,SLEEP_POD_NYLON,XIREC,10023,2
9300,,SUBMISSION,SNACKPACK_STRAWBERRY,XIREC,9967,2
9400,SUBMISSION,,GALAXY_SOUNDS_PLANETARY_RINGS,XIREC,9921,2
9400,,SUBMISSION,PANEL_2X2,XIREC,9761,2
9400,,SUBMISSION,PEBBLES_XL,XIREC,9703,2
9400,,SUBMISSION,SNACKPACK_CHOCOLATE,XIREC,9969,2
9500,SUBMISSION,,GALAXY_SOUNDS_PLANETARY_RINGS,XIREC,9922,2
9700,SUBMISSION,,SLEEP_POD_NYLON,XIREC,10022,2
9700,,SUBMISSION,SNACKPACK_CHOCOLATE,XIREC,9972,2
9700,SUBMISSION,,SNACKPACK_VANILLA,XIREC,10053,2
9800,SUBMISSION,,OXYGEN_SHAKE_MORNING_BREATH,XIREC,10091,2
9800,SUBMISSION,,PEBBLES_M,XIREC,9934,2
9800,,SUBMISSION,PEBBLES_XL,XIREC,9731,2
9800,,SUBMISSION,SNACKPACK_CHOCOLATE,XIREC,9982,2
9800,SUBMISSION,,SNACKPACK_VANILLA,XIREC,10046,2
9800,,SUBMISSION,TRANSLATOR_SPACE_GRAY,XIREC,9934,2
9900,SUBMISSION,,GALAXY_SOUNDS_SOLAR_FLAMES,XIREC,10087,2
9900,SUBMISSION,,OXYGEN_SHAKE_MORNING_BREATH,XIREC,10088,2
9900,SUBMISSION,,PEBBLES_M,XIREC,9941,2
9900,,SUBMISSION,SLEEP_POD_SUEDE,XIREC,10013,2
9900,,SUBMISSION,SNACKPACK_CHOCOLATE,XIREC,9977,2
9900,,SUBMISSION,UV_VISOR_AMBER,XIREC,9816,2
10000,SUBMISSION,,GALAXY_SOUNDS_BLACK_HOLES,XIREC,9798,2
10000,SUBMISSION,,GALAXY_SOUNDS_SOLAR_FLAMES,XIREC,10074,2
10000,SUBMISSION,,OXYGEN_SHAKE_MORNING_BREATH,XIREC,10083,2
10000,,SUBMISSION,SLEEP_POD_SUEDE,XIREC,10009,2
10000,,SUBMISSION,SNACKPACK_CHOCOLATE,XIREC,9990,2
10000,SUBMISSION,,SNACKPACK_VANILLA,XIREC,10036,2
10100,SUBMISSION,,MICROCHIP_CIRCLE,XIREC,10011,2
10100,,SUBMISSION,PEBBLES_L,XIREC,9951,2
10100,,SUBMISSION,ROBOT_MOPPING,XIREC,10060,2
10100,SUBMISSION,,SLEEP_POD_NYLON,XIREC,10012,2
10100,SUBMISSION,,UV_VISOR_AMBER,XIREC,9794,2
10100,,,PEBBLES_L,XIREC,9964,4
10100,,,PEBBLES_M,XIREC,9971,4
10100,,,PEBBLES_S,XIREC,10338,4
10100,,,PEBBLES_XL,XIREC,9649,4
10100,,,PEBBLES_XS,XIREC,10110,4
10200,,SUBMISSION,MICROCHIP_SQUARE,XIREC,10019,2
10200,,SUBMISSION,ROBOT_MOPPING,XIREC,10064,2
10200,SUBMISSION,,SNACKPACK_VANILLA,XIREC,10039,2
10300,SUBMISSION,,MICROCHIP_CIRCLE,XIREC,10002,2
10300,,SUBMISSION,MICROCHIP_SQUARE,XIREC,10027,2
10300,SUBMISSION,,PEBBLES_XS,XIREC,10132,2
10300,SUBMISSION,,TRANSLATOR_ASTRO_BLACK,XIREC,10088,2
10300,SUBMISSION,,UV_VISOR_ORANGE,XIREC,10041,2
10400,,SUBMISSION,ROBOT_MOPPING,XIREC,10081,2
10400,,SUBMISSION,SLEEP_POD_NYLON,XIREC,10047,2
10400,SUBMISSION,,TRANSLATOR_ASTRO_BLACK,XIREC,10090,2
10400,SUBMISSION,,UV_VISOR_ORANGE,XIREC,10041,2
10400,SUBMISSION,,UV_VISOR_YELLOW,XIREC,10049,2
10500,SUBMISSION,,MICROCHIP_CIRCLE,XIREC,9982,2
10500,,SUBMISSION,MICROCHIP_SQUARE,XIREC,10028,2
10500,SUBMISSION,,SNACKPACK_VANILLA,XIREC,10042,2
10500,SUBMISSION,,TRANSLATOR_ASTRO_BLACK,XIREC,10085,2
10500,SUBMISSION,,UV_VISOR_ORANGE,XIREC,10038,2
10600,SUBMISSION,,MICROCHIP_CIRCLE,XIREC,9969,2
10600,,SUBMISSION,MICROCHIP_SQUARE,XIREC,10026,2
10600,SUBMISSION,,PEBBLES_M,XIREC,9933,2
10600,SUBMISSION,,TRANSLATOR_GRAPHITE_MIST,XIREC,9906,2
10600,,SUBMISSION,UV_VISOR_MAGENTA,XIREC,10024,2
10600,SUBMISSION,,UV_VISOR_ORANGE,XIREC,10031,2
10700,,SUBMISSION,MICROCHIP_SQUARE,XIREC,10036,2
10700,,SUBMISSION,PEBBLES_L,XIREC,9989,2
10700,SUBMISSION,,PEBBLES_M,XIREC,9917,2
10700,SUBMISSION,,ROBOT_LAUNDRY,XIREC,10077,2
10700,,SUBMISSION,UV_VISOR_MAGENTA,XIREC,10018,2
10800,SUBMISSION,,PEBBLES_M,XIREC,9913,2
10800,SUBMISSION,,ROBOT_LAUNDRY,XIREC,10060,2
10800,SUBMISSION,,TRANSLATOR_GRAPHITE_MIST,XIREC,9888,2
10800,,SUBMISSION,UV_VISOR_MAGENTA,XIREC,10025,2
10800,SUBMISSION,,UV_VISOR_ORANGE,XIREC,10032,2
10900,SUBMISSION,,OXYGEN_SHAKE_MORNING_BREATH,XIREC,10078,2
10900,SUBMISSION,,ROBOT_DISHES,XIREC,9904,2
10900,,SUBMISSION,SLEEP_POD_POLYESTER,XIREC,9862,2
10900,SUBMISSION,,TRANSLATOR_VOID_BLUE,XIREC,10024,2
10900,,SUBMISSION,UV_VISOR_MAGENTA,XIREC,10023,2
10900,SUBMISSION,,UV_VISOR_ORANGE,XIREC,10030,2
11000,,SUBMISSION,PEBBLES_L,XIREC,10008,2
11000,SUBMISSION,,TRANSLATOR_VOID_BLUE,XIREC,10023,2
11000,,SUBMISSION,UV_VISOR_MAGENTA,XIREC,10034,2
11100,SUBMISSION,,PEBBLES_XS,XIREC,10175,2
11100,SUBMISSION,,SLEEP_POD_COTTON,XIREC,10020,2
11100,SUBMISSION,,SLEEP_POD_NYLON,XIREC,10004,2
11100,,SUBMISSION,SLEEP_POD_POLYESTER,XIREC,9876,2
11100,,SUBMISSION,SNACKPACK_STRAWBERRY,XIREC,9971,2
11100,SUBMISSION,,SNACKPACK_VANILLA,XIREC,10037,2
11100,,SUBMISSION,UV_VISOR_MAGENTA,XIREC,10030,2
11200,,SUBMISSION,GALAXY_SOUNDS_SOLAR_WINDS,XIREC,9949,2
11200,,SUBMISSION,OXYGEN_SHAKE_CHOCOLATE,XIREC,10100,2
11200,,SUBMISSION,OXYGEN_SHAKE_EVENING_BREATH,XIREC,9990,2
11200,,SUBMISSION,ROBOT_LAUNDRY,XIREC,10115,2
11200,SUBMISSION,,SLEEP_POD_COTTON,XIREC,10020,2
11200,SUBMISSION,,SLEEP_POD_NYLON,XIREC,10009,2
11200,,SUBMISSION,SLEEP_POD_POLYESTER,XIREC,9884,2
11200,,SUBMISSION,SNACKPACK_PISTACHIO,XIREC,9979,2
11200,,SUBMISSION,SNACKPACK_STRAWBERRY,XIREC,9977,2
11200,SUBMISSION,,TRANSLATOR_ASTRO_BLACK,XIREC,10110,2
11200,SUBMISSION,,TRANSLATOR_GRAPHITE_MIST,XIREC,9883,2
11200,,SUBMISSION,TRANSLATOR_SPACE_GRAY,XIREC,9951,2
11200,,SUBMISSION,UV_VISOR_MAGENTA,XIREC,10047,2
11200,SUBMISSION,,UV_VISOR_YELLOW,XIREC,10085,2
11300,,SUBMISSION,OXYGEN_SHAKE_CHOCOLATE,XIREC,10093,2
11300,,SUBMISSION,PEBBLES_XL,XIREC,9506,2
11300,,SUBMISSION,ROBOT_LAUNDRY,XIREC,10114,2
11300,SUBMISSION,,SLEEP_POD_NYLON,XIREC,9997,2
11300,,SUBMISSION,UV_VISOR_MAGENTA,XIREC,10022,2
11300,SUBMISSION,,UV_VISOR_ORANGE,XIREC,10028,2
11300,SUBMISSION,,UV_VISOR_YELLOW,XIREC,10095,2
11400,,SUBMISSION,OXYGEN_SHAKE_CHOCOLATE,XIREC,10093,2
11400,SUBMISSION,,OXYGEN_SHAKE_MORNING_BREATH,XIREC,10076,2
11400,SUBMISSION,,SLEEP_POD_NYLON,XIREC,10005,2
11400,,SUBMISSION,SLEEP_POD_SUEDE,XIREC,10008,2
11400,SUBMISSION,,SNACKPACK_RASPBERRY,XIREC,10025,2
11400,,SUBMISSION,SNACKPACK_STRAWBERRY,XIREC,9988,2
11500,,SUBMISSION,OXYGEN_SHAKE_CHOCOLATE,XIREC,10093,2
11500,SUBMISSION,,OXYGEN_SHAKE_MORNING_BREATH,XIREC,10053,2
11500,,SUBMISSION,PANEL_2X2,XIREC,9674,2
11500,SUBMISSION,,ROBOT_IRONING,XIREC,9904,2
11500,SUBMISSION,,SLEEP_POD_NYLON,XIREC,10003,2
11500,SUBMISSION,,SNACKPACK_RASPBERRY,XIREC,10029,2
11500,,SUBMISSION,SNACKPACK_STRAWBERRY,XIREC,9985,2
11600,,SUBMISSION,OXYGEN_SHAKE_CHOCOLATE,XIREC,10093,2
11600,,SUBMISSION,OXYGEN_SHAKE_EVENING_BREATH,XIREC,9984,2
11600,SUBMISSION,,SLEEP_POD_NYLON,XIREC,9994,2
11600,SUBMISSION,,SNACKPACK_RASPBERRY,XIREC,10022,2
11600,,SUBMISSION,SNACKPACK_STRAWBERRY,XIREC,9989,2
11600,SUBMISSION,,TRANSLATOR_ASTRO_BLACK,XIREC,10095,2
11600,SUBMISSION,,TRANSLATOR_SPACE_GRAY,XIREC,9916,2
11700,SUBMISSION,,OXYGEN_SHAKE_MINT,XIREC,9981,2
11700,,SUBMISSION,PANEL_1X4,XIREC,9963,2
11700,SUBMISSION,,PEBBLES_XS,XIREC,10187,2
11700,SUBMISSION,,ROBOT_DISHES,XIREC,9893,2
11700,SUBMISSION,,ROBOT_LAUNDRY,XIREC,10077,2
11700,SUBMISSION,,SNACKPACK_RASPBERRY,XIREC,10023,2
11700,,SUBMISSION,SNACKPACK_STRAWBERRY,XIREC,9991,2
11700,SUBMISSION,,SNACKPACK_VANILLA,XIREC,10032,2
11700,SUBMISSION,,TRANSLATOR_SPACE_GRAY,XIREC,9896,2
11700,SUBMISSION,,UV_VISOR_RED,XIREC,10110,2
11800,,SUBMISSION,OXYGEN_SHAKE_EVENING_BREATH,XIREC,9994,2
11800,SUBMISSION,,OXYGEN_SHAKE_MINT,XIREC,9975,2
11800,SUBMISSION,,ROBOT_DISHES,XIREC,9875,2
11800,SUBMISSION,,SNACKPACK_RASPBERRY,XIREC,10013,2
11800,SUBMISSION,,TRANSLATOR_SPACE_GRAY,XIREC,9894,2
11800,,SUBMISSION,UV_VISOR_ORANGE,XIREC,10080,2
11900,,SUBMISSION,OXYGEN_SHAKE_GARLIC,XIREC,9879,2
11900,SUBMISSION,,OXYGEN_SHAKE_MINT,XIREC,9972,2
11900,,SUBMISSION,PANEL_2X2,XIREC,9701,2
11900,SUBMISSION,,ROBOT_DISHES,XIREC,9869,2
11900,,SUBMISSION,SLEEP_POD_LAMB_WOOL,XIREC,9991,2
11900,,SUBMISSION,SNACKPACK_PISTACHIO,XIREC,9991,2
11900,SUBMISSION,,SNACKPACK_RASPBERRY,XIREC,10002,2
11900,SUBMISSION,,TRANSLATOR_ASTRO_BLACK,XIREC,10069,2
11900,SUBMISSION,,TRANSLATOR_SPACE_GRAY,XIREC,9887,2
11900,,SUBMISSION,UV_VISOR_MAGENTA,XIREC,10045,2
11900,,SUBMISSION,UV_VISOR_ORANGE,XIREC,10085,2
12000,,SUBMISSION,GALAXY_SOUNDS_PLANETARY_RINGS,XIREC,9958,2
12000,SUBMISSION,,OXYGEN_SHAKE_MINT,XIREC,9968,2
12000,SUBMISSION,,ROBOT_LAUNDRY,XIREC,10065,2
12000,SUBMISSION,,SLEEP_POD_COTTON,XIREC,9989,2
12000,,SUBMISSION,SLEEP_POD_LAMB_WOOL,XIREC,10001,2
12000,,SUBMISSION,TRANSLATOR_ASTRO_BLACK,XIREC,10071,2
12000,,SUBMISSION,UV_VISOR_MAGENTA,XIREC,10075,2
12000,,SUBMISSION,UV_VISOR_ORANGE,XIREC,10103,2
12000,SUBMISSION,,UV_VISOR_RED,XIREC,10111,2
12100,,SUBMISSION,OXYGEN_SHAKE_EVENING_BREATH,XIREC,9994,2
12100,SUBMISSION,,OXYGEN_SHAKE_MINT,XIREC,9961,2
12100,SUBMISSION,,ROBOT_LAUNDRY,XIREC,10051,2
12100,SUBMISSION,,SNACKPACK_VANILLA,XIREC,10027,2
12100,SUBMISSION,,TRANSLATOR_SPACE_GRAY,XIREC,9896,2
12100,,SUBMISSION,UV_VISOR_ORANGE,XIREC,10108,2
12200,,SUBMISSION,GALAXY_SOUNDS_PLANETARY_RINGS,XIREC,9963,2
12200,SUBMISSION,,OXYGEN_SHAKE_MINT,XIREC,9961,2
12200,SUBMISSION,,PANEL_4X4,XIREC,10087,2
12200,SUBMISSION,,ROBOT_LAUNDRY,XIREC,10043,2
12200,,SUBMISSION,SNACKPACK_CHOCOLATE,XIREC,10000,2
12200,SUBMISSION,,SNACKPACK_VANILLA,XIREC,10021,2
12200,SUBMISSION,,TRANSLATOR_ASTRO_BLACK,XIREC,10074,2
12200,SUBMISSION,,TRANSLATOR_SPACE_GRAY,XIREC,9886,2
12200,,SUBMISSION,UV_VISOR_ORANGE,XIREC,10105,2
12300,,SUBMISSION,GALAXY_SOUNDS_PLANETARY_RINGS,XIREC,9971,2
12300,SUBMISSION,,OXYGEN_SHAKE_MINT,XIREC,9954,2
12300,SUBMISSION,,PANEL_4X4,XIREC,10079,2
12300,,SUBMISSION,PEBBLES_XL,XIREC,9547,2
12300,SUBMISSION,,PEBBLES_XS,XIREC,10141,2
12300,SUBMISSION,,ROBOT_LAUNDRY,XIREC,10051,2
12300,,SUBMISSION,SLEEP_POD_SUEDE,XIREC,10013,2
12300,,SUBMISSION,SNACKPACK_CHOCOLATE,XIREC,10012,2
12300,SUBMISSION,,SNACKPACK_VANILLA,XIREC,10009,2
12300,SUBMISSION,,TRANSLATOR_SPACE_GRAY,XIREC,9891,2
12300,,SUBMISSION,UV_VISOR_ORANGE,XIREC,10111,2
12300,SUBMISSION,,UV_VISOR_YELLOW,XIREC,10097,2
12400,,SUBMISSION,GALAXY_SOUNDS_DARK_MATTER,XIREC,9813,2
12400,SUBMISSION,,OXYGEN_SHAKE_CHOCOLATE,XIREC,10006,2
12400,SUBMISSION,,PANEL_4X4,XIREC,10094,2
12400,SUBMISSION,,PEBBLES_XS,XIREC,10106,2
12400,,SUBMISSION,SLEEP_POD_SUEDE,XIREC,10030,2
12400,,SUBMISSION,SNACKPACK_CHOCOLATE,XIREC,10008,2
12400,SUBMISSION,,TRANSLATOR_SPACE_GRAY,XIREC,9882,2
12400,,SUBMISSION,UV_VISOR_ORANGE,XIREC,10107,2
12500,,SUBMISSION,GALAXY_SOUNDS_DARK_MATTER,XIREC,9813,2
12500,SUBMISSION,,OXYGEN_SHAKE_CHOCOLATE,XIREC,10006,2
12500,SUBMISSION,,PANEL_4X4,XIREC,10094,2
12500,SUBMISSION,,ROBOT_LAUNDRY,XIREC,10045,2
12500,,SUBMISSION,SLEEP_POD_SUEDE,XIREC,10027,2
12600,SUBMISSION,,OXYGEN_SHAKE_CHOCOLATE,XIREC,10006,2
12600,,SUBMISSION,PANEL_2X2,XIREC,9707,2
12600,,SUBMISSION,SNACKPACK_PISTACHIO,XIREC,9989,2
12700,,SUBMISSION,GALAXY_SOUNDS_DARK_MATTER,XIREC,9824,2
12700,SUBMISSION,,PEBBLES_S,XIREC,10299,2
12700,,SUBMISSION,SLEEP_POD_SUEDE,XIREC,10031,2
12700,SUBMISSION,,UV_VISOR_RED,XIREC,10082,2
12700,SUBMISSION,,UV_VISOR_YELLOW,XIREC,10081,2
12800,,SUBMISSION,GALAXY_SOUNDS_PLANETARY_RINGS,XIREC,9959,2
12800,SUBMISSION,,PANEL_4X4,XIREC,10061,2
12800,SUBMISSION,,PEBBLES_XS,XIREC,10072,2
12800,SUBMISSION,,ROBOT_LAUNDRY,XIREC,10043,2
12800,,SUBMISSION,SLEEP_POD_SUEDE,XIREC,10029,2
12900,,SUBMISSION,MICROCHIP_OVAL,XIREC,9796,2
12900,SUBMISSION,,PANEL_4X4,XIREC,10060,2
12900,,SUBMISSION,SLEEP_POD_SUEDE,XIREC,10029,2
12900,SUBMISSION,,TRANSLATOR_ECLIPSE_CHARCOAL,XIREC,10072,2
13000,,SUBMISSION,GALAXY_SOUNDS_PLANETARY_RINGS,XIREC,9971,2
13000,,SUBMISSION,GALAXY_SOUNDS_SOLAR_WINDS,XIREC,9932,2
13000,,SUBMISSION,MICROCHIP_OVAL,XIREC,9757,2
13000,SUBMISSION,,OXYGEN_SHAKE_EVENING_BREATH,XIREC,9946,2
13000,SUBMISSION,,OXYGEN_SHAKE_MINT,XIREC,9936,2
13000,SUBMISSION,,ROBOT_MOPPING,XIREC,10199,2
13100,,SUBMISSION,GALAXY_SOUNDS_PLANETARY_RINGS,XIREC,9976,2
13100,SUBMISSION,,OXYGEN_SHAKE_EVENING_BREATH,XIREC,9946,2
13100,,SUBMISSION,ROBOT_IRONING,XIREC,9916,2
13100,,SUBMISSION,SLEEP_POD_SUEDE,XIREC,10049,2
13200,,SUBMISSION,GALAXY_SOUNDS_PLANETARY_RINGS,XIREC,9983,2
13200,,SUBMISSION,GALAXY_SOUNDS_SOLAR_WINDS,XIREC,9944,2
13200,,SUBMISSION,MICROCHIP_OVAL,XIREC,9811,2
13200,,SUBMISSION,OXYGEN_SHAKE_GARLIC,XIREC,9883,2
13200,SUBMISSION,,PANEL_4X4,XIREC,10044,2
13200,SUBMISSION,,UV_VISOR_YELLOW,XIREC,10051,2
13300,,SUBMISSION,GALAXY_SOUNDS_DARK_MATTER,XIREC,9833,2
13300,,SUBMISSION,GALAXY_SOUNDS_PLANETARY_RINGS,XIREC,10003,2
13300,,SUBMISSION,MICROCHIP_OVAL,XIREC,9814,2
13300,,SUBMISSION,OXYGEN_SHAKE_GARLIC,XIREC,9881,2
13300,SUBMISSION,,OXYGEN_SHAKE_MORNING_BREATH,XIREC,10038,2
13300,SUBMISSION,,PANEL_4X4,XIREC,10018,2
13400,,SUBMISSION,GALAXY_SOUNDS_PLANETARY_RINGS,XIREC,9996,2
13400,,SUBMISSION,GALAXY_SOUNDS_SOLAR_WINDS,XIREC,9961,2
13400,SUBMISSION,,OXYGEN_SHAKE_MORNING_BREATH,XIREC,10030,2
13400,,SUBMISSION,PANEL_2X2,XIREC,9716,2
13400,,SUBMISSION,ROBOT_VACUUMING,XIREC,9886,2
13400,SUBMISSION,,TRANSLATOR_ECLIPSE_CHARCOAL,XIREC,10061,2
13500,,SUBMISSION,GALAXY_SOUNDS_PLANETARY_RINGS,XIREC,9991,2
13500,SUBMISSION,,OXYGEN_SHAKE_MORNING_BREATH,XIREC,10017,2
13500,,SUBMISSION,ROBOT_IRONING,XIREC,9926,2
13500,SUBMISSION,,TRANSLATOR_ECLIPSE_CHARCOAL,XIREC,10049,2
13600,SUBMISSION,,GALAXY_SOUNDS_SOLAR_FLAMES,XIREC,10031,2
13600,SUBMISSION,,MICROCHIP_SQUARE,XIREC,10198,2
13600,SUBMISSION,,OXYGEN_SHAKE_CHOCOLATE,XIREC,9996,2
13600,SUBMISSION,,PEBBLES_S,XIREC,10310,2
13600,SUBMISSION,,TRANSLATOR_ECLIPSE_CHARCOAL,XIREC,10044,2
13700,SUBMISSION,,GALAXY_SOUNDS_SOLAR_FLAMES,XIREC,10026,2
13700,SUBMISSION,,MICROCHIP_SQUARE,XIREC,10164,2
13700,SUBMISSION,,PEBBLES_XS,XIREC,10004,2
13700,,SUBMISSION,ROBOT_DISHES,XIREC,9906,2
13700,,SUBMISSION,ROBOT_IRONING,XIREC,9946,2
13700,SUBMISSION,,TRANSLATOR_ECLIPSE_CHARCOAL,XIREC,10036,2
13700,SUBMISSION,,TRANSLATOR_GRAPHITE_MIST,XIREC,9870,2
13800,SUBMISSION,,MICROCHIP_SQUARE,XIREC,10145,2
13800,SUBMISSION,,TRANSLATOR_ASTRO_BLACK,XIREC,10033,2
13800,SUBMISSION,,TRANSLATOR_ECLIPSE_CHARCOAL,XIREC,10038,2
13800,SUBMISSION,,UV_VISOR_YELLOW,XIREC,9996,2
13900,SUBMISSION,,GALAXY_SOUNDS_SOLAR_FLAMES,XIREC,10016,2
13900,,SUBMISSION,MICROCHIP_OVAL,XIREC,9838,2
13900,,SUBMISSION,OXYGEN_SHAKE_GARLIC,XIREC,9893,2
13900,,SUBMISSION,UV_VISOR_AMBER,XIREC,9779,2
14000,SUBMISSION,,MICROCHIP_SQUARE,XIREC,10105,2
14000,,SUBMISSION,OXYGEN_SHAKE_GARLIC,XIREC,9899,2
14000,SUBMISSION,,PANEL_1X4,XIREC,10000,2
14000,SUBMISSION,,PEBBLES_L,XIREC,10158,2
14000,SUBMISSION,,ROBOT_MOPPING,XIREC,10242,2
14000,SUBMISSION,,TRANSLATOR_ECLIPSE_CHARCOAL,XIREC,10025,2
14100,SUBMISSION,,TRANSLATOR_ECLIPSE_CHARCOAL,XIREC,10024,2
14200,,SUBMISSION,OXYGEN_SHAKE_GARLIC,XIREC,9902,2
14200,,SUBMISSION,PANEL_1X2,XIREC,9999,2
14200,SUBMISSION,,PANEL_2X4,XIREC,10182,2
14200,SUBMISSION,,TRANSLATOR_ASTRO_BLACK,XIREC,9998,2
14300,,SUBMISSION,PANEL_1X2,XIREC,10003,2
14300,,SUBMISSION,SLEEP_POD_NYLON,XIREC,10034,2
14400,,SUBMISSION,GALAXY_SOUNDS_BLACK_HOLES,XIREC,9741,2
14400,,SUBMISSION,PANEL_1X2,XIREC,10008,2
14400,SUBMISSION,,PANEL_1X4,XIREC,9995,2
14400,SUBMISSION,,PANEL_2X4,XIREC,10164,2
14400,,SUBMISSION,SLEEP_POD_NYLON,XIREC,10029,2
14400,SUBMISSION,,TRANSLATOR_ECLIPSE_CHARCOAL,XIREC,10014,2
14500,,SUBMISSION,GALAXY_SOUNDS_BLACK_HOLES,XIREC,9747,1
14500,,SUBMISSION,GALAXY_SOUNDS_DARK_MATTER,XIREC,9829,1
14500,,SUBMISSION,PANEL_1X2,XIREC,10006,1
14500,,SUBMISSION,ROBOT_DISHES,XIREC,9893,1
14500,,SUBMISSION,ROBOT_VACUUMING,XIREC,9844,1
14500,,SUBMISSION,SLEEP_POD_COTTON,XIREC,9991,1
14500,,SUBMISSION,SLEEP_POD_NYLON,XIREC,10025,2
14500,,SUBMISSION,SLEEP_POD_NYLON,XIREC,10032,1
14500,,SUBMISSION,SLEEP_POD_POLYESTER,XIREC,9858,1
14500,,SUBMISSION,SNACKPACK_PISTACHIO,XIREC,10009,1
14500,,SUBMISSION,TRANSLATOR_GRAPHITE_MIST,XIREC,9904,1
14500,,SUBMISSION,UV_VISOR_AMBER,XIREC,9789,2
14500,,SUBMISSION,UV_VISOR_AMBER,XIREC,9800,1
14500,,,GALAXY_SOUNDS_PLANETARY_RINGS,XIREC,10069,1
14500,,,GALAXY_SOUNDS_SOLAR_FLAMES,XIREC,10004,1
14500,,,GALAXY_SOUNDS_SOLAR_WINDS,XIREC,9926,1
14500,,,OXYGEN_SHAKE_CHOCOLATE,XIREC,10006,1
14500,,,OXYGEN_SHAKE_EVENING_BREATH,XIREC,9946,1
14500,,,OXYGEN_SHAKE_GARLIC,XIREC,9892,1
14500,,,OXYGEN_SHAKE_MINT,XIREC,9955,1
14500,,,OXYGEN_SHAKE_MORNING_BREATH,XIREC,10001,1
14500,,,PANEL_1X4,XIREC,10003,1
14500,,,PANEL_2X2,XIREC,9708,1
14500,,,PANEL_2X4,XIREC,10162,1
14500,,,PANEL_4X4,XIREC,10077,1
14500,,,ROBOT_IRONING,XIREC,9934,1
14500,,,ROBOT_LAUNDRY,XIREC,10046,1
14500,,,ROBOT_MOPPING,XIREC,10259,1
14500,,,SLEEP_POD_LAMB_WOOL,XIREC,10079,1
14500,,,SLEEP_POD_SUEDE,XIREC,10048,1
14500,,,SNACKPACK_CHOCOLATE,XIREC,10038,1
14500,,,SNACKPACK_RASPBERRY,XIREC,10005,1
14500,,,SNACKPACK_STRAWBERRY,XIREC,10040,1
14500,,,SNACKPACK_VANILLA,XIREC,10017,1
14500,,,TRANSLATOR_ASTRO_BLACK,XIREC,9982,1
14500,,,TRANSLATOR_ECLIPSE_CHARCOAL,XIREC,10022,1
14500,,,TRANSLATOR_SPACE_GRAY,XIREC,9883,1
14500,,,TRANSLATOR_VOID_BLUE,XIREC,10063,1
14500,,,UV_VISOR_MAGENTA,XIREC,10003,1
14500,,,UV_VISOR_ORANGE,XIREC,10183,1
14500,,,UV_VISOR_RED,XIREC,10162,1
14500,,,UV_VISOR_YELLOW,XIREC,10003,1
14600,,SUBMISSION,MICROCHIP_CIRCLE,XIREC,9858,2
14600,,SUBMISSION,SLEEP_POD_NYLON,XIREC,10040,2
14600,SUBMISSION,,TRANSLATOR_ECLIPSE_CHARCOAL,XIREC,10007,2
14600,SUBMISSION,,TRANSLATOR_VOID_BLUE,XIREC,10059,2
14700,,SUBMISSION,GALAXY_SOUNDS_BLACK_HOLES,XIREC,9749,2
14700,SUBMISSION,,GALAXY_SOUNDS_SOLAR_WINDS,XIREC,9908,2
14700,SUBMISSION,,PEBBLES_S,XIREC,10315,2
14700,,SUBMISSION,ROBOT_DISHES,XIREC,9912,2
14700,,SUBMISSION,SLEEP_POD_NYLON,XIREC,10037,2
14700,SUBMISSION,,TRANSLATOR_GRAPHITE_MIST,XIREC,9877,2
14800,,SUBMISSION,PANEL_2X2,XIREC,9722,2
14800,,SUBMISSION,ROBOT_DISHES,XIREC,9914,2
14800,,SUBMISSION,ROBOT_VACUUMING,XIREC,9848,2
14800,,SUBMISSION,SLEEP_POD_NYLON,XIREC,10049,2
14800,SUBMISSION,,TRANSLATOR_GRAPHITE_MIST,XIREC,9872,2
14800,SUBMISSION,,UV_VISOR_MAGENTA,XIREC,10007,2
14900,SUBMISSION,,OXYGEN_SHAKE_EVENING_BREATH,XIREC,9926,2
14900,,SUBMISSION,OXYGEN_SHAKE_GARLIC,XIREC,9899,2
14900,SUBMISSION,,PANEL_1X4,XIREC,9994,2
14900,SUBMISSION,,ROBOT_IRONING,XIREC,9904,2
14900,,SUBMISSION,SLEEP_POD_NYLON,XIREC,10055,2
14900,SUBMISSION,,UV_VISOR_MAGENTA,XIREC,10019,2
15000,,SUBMISSION,MICROCHIP_CIRCLE,XIREC,9846,2
15000,SUBMISSION,,PEBBLES_L,XIREC,10276,2
15000,,SUBMISSION,SLEEP_POD_COTTON,XIREC,9994,2
15000,,SUBMISSION,SLEEP_POD_NYLON,XIREC,10057,2
15000,SUBMISSION,,UV_VISOR_MAGENTA,XIREC,10020,2
15100,,SUBMISSION,GALAXY_SOUNDS_BLACK_HOLES,XIREC,9762,2
15100,,SUBMISSION,GALAXY_SOUNDS_DARK_MATTER,XIREC,9838,2
15100,,SUBMISSION,GALAXY_SOUNDS_DARK_MATTER,XIREC,9849,2
15100,,SUBMISSION,GALAXY_SOUNDS_SOLAR_WINDS,XIREC,9934,2
15100,,SUBMISSION,OXYGEN_SHAKE_GARLIC,XIREC,9910,2
15100,,SUBMISSION,PANEL_2X2,XIREC,9753,2
15100,,SUBMISSION,SLEEP_POD_COTTON,XIREC,9997,2
15100,,SUBMISSION,SLEEP_POD_NYLON,XIREC,10056,2
15100,,SUBMISSION,SNACKPACK_RASPBERRY,XIREC,10021,2
15100,,SUBMISSION,TRANSLATOR_GRAPHITE_MIST,XIREC,9899,2
15100,,,GALAXY_SOUNDS_PLANETARY_RINGS,XIREC,10105,2
15100,,,GALAXY_SOUNDS_SOLAR_FLAMES,XIREC,9988,2
15100,,,OXYGEN_SHAKE_CHOCOLATE,XIREC,10006,2
15100,,,OXYGEN_SHAKE_EVENING_BREATH,XIREC,9936,2
15100,,,OXYGEN_SHAKE_GARLIC,XIREC,9922,2
15100,,,OXYGEN_SHAKE_MINT,XIREC,9984,2
15100,,,OXYGEN_SHAKE_MORNING_BREATH,XIREC,10009,2
15100,,,PANEL_1X2,XIREC,9982,2
15100,,,PANEL_1X4,XIREC,10022,2
15100,,,PANEL_2X4,XIREC,10196,2
15100,,,PANEL_4X4,XIREC,10053,2
15100,,,ROBOT_DISHES,XIREC,9901,2
15100,,,ROBOT_IRONING,XIREC,9904,2
15100,,,ROBOT_LAUNDRY,XIREC,10020,2
15100,,,ROBOT_MOPPING,XIREC,10285,2
15100,,,ROBOT_VACUUMING,XIREC,9846,2
15100,,,SLEEP_POD_LAMB_WOOL,XIREC,10013,2
15100,,,SLEEP_POD_NYLON,XIREC,10065,2
15100,,,SLEEP_POD_POLYESTER,XIREC,9847,2
15100,,,SLEEP_POD_SUEDE,XIREC,10012,2
15100,,,SNACKPACK_CHOCOLATE,XIREC,10039,2
15100,,,SNACKPACK_PISTACHIO,XIREC,9987,2
15100,,,SNACKPACK_STRAWBERRY,XIREC,10023,2
15100,,,SNACKPACK_VANILLA,XIREC,10016,2
15100,,,TRANSLATOR_ASTRO_BLACK,XIREC,10022,2
15100,,,TRANSLATOR_ECLIPSE_CHARCOAL,XIREC,10007,2
15100,,,TRANSLATOR_SPACE_GRAY,XIREC,9886,2
15100,,,TRANSLATOR_VOID_BLUE,XIREC,10079,2
15100,,,UV_VISOR_AMBER,XIREC,9798,2
15100,,,UV_VISOR_MAGENTA,XIREC,10038,2
15100,,,UV_VISOR_ORANGE,XIREC,10193,2
15100,,,UV_VISOR_RED,XIREC,10178,2
15100,,,UV_VISOR_YELLOW,XIREC,9985,2
15200,SUBMISSION,,MICROCHIP_RECTANGLE,XIREC,9999,2
15200,SUBMISSION,,ROBOT_MOPPING,XIREC,10275,2
15200,,SUBMISSION,SLEEP_POD_NYLON,XIREC,10070,1
15300,SUBMISSION,,GALAXY_SOUNDS_DARK_MATTER,XIREC,9835,2
15300,SUBMISSION,,MICROCHIP_RECTANGLE,XIREC,9998,2
15300,SUBMISSION,,PANEL_2X2,XIREC,9735,2
15300,SUBMISSION,,PEBBLES_XL,XIREC,9511,2
15300,,SUBMISSION,ROBOT_DISHES,XIREC,9918,2
15300,SUBMISSION,,SLEEP_POD_POLYESTER,XIREC,9825,2
15300,,SUBMISSION,SNACKPACK_RASPBERRY,XIREC,10020,2
15300,,,PEBBLES_L,XIREC,10287,4
15300,,,PEBBLES_M,XIREC,9858,4
15300,,,PEBBLES_S,XIREC,10317,4
15300,,,PEBBLES_XL,XIREC,9511,4
15300,,,PEBBLES_XS,XIREC,10059,4
15400,,SUBMISSION,MICROCHIP_OVAL,XIREC,9843,2
15400,SUBMISSION,,MICROCHIP_RECTANGLE,XIREC,10004,2
15400,SUBMISSION,,SLEEP_POD_POLYESTER,XIREC,9812,2
15400,SUBMISSION,,SNACKPACK_PISTACHIO,XIREC,9972,2
15400,,SUBMISSION,SNACKPACK_RASPBERRY,XIREC,10025,2
15400,,SUBMISSION,TRANSLATOR_GRAPHITE_MIST,XIREC,9906,2
15500,SUBMISSION,,GALAXY_SOUNDS_BLACK_HOLES,XIREC,9723,2
15500,SUBMISSION,,GALAXY_SOUNDS_DARK_MATTER,XIREC,9824,2
15500,SUBMISSION,,MICROCHIP_RECTANGLE,XIREC,9983,2
15500,SUBMISSION,,MICROCHIP_SQUARE,XIREC,10136,2
15500,,SUBMISSION,OXYGEN_SHAKE_GARLIC,XIREC,9924,2
15500,,SUBMISSION,PANEL_1X2,XIREC,10014,2
15500,,SUBMISSION,PEBBLES_XL,XIREC,9516,2
15500,,SUBMISSION,ROBOT_IRONING,XIREC,9926,2
15500,SUBMISSION,,SLEEP_POD_POLYESTER,XIREC,9806,2
15500,SUBMISSION,,SNACKPACK_PISTACHIO,XIREC,9974,2
15500,SUBMISSION,,SNACKPACK_STRAWBERRY,XIREC,10006,2
15600,SUBMISSION,,MICROCHIP_RECTANGLE,XIREC,10002,2
15600,,SUBMISSION,OXYGEN_SHAKE_GARLIC,XIREC,9938,2
15600,,SUBMISSION,PANEL_1X2,XIREC,10014,2
15600,SUBMISSION,,PEBBLES_L,XIREC,10290,2
15600,SUBMISSION,,PEBBLES_S,XIREC,10286,2
15600,SUBMISSION,,SLEEP_POD_COTTON,XIREC,9947,2
15600,SUBMISSION,,SLEEP_POD_LAMB_WOOL,XIREC,10030,2
15600,SUBMISSION,,SLEEP_POD_SUEDE,XIREC,9999,2
15600,SUBMISSION,,SNACKPACK_PISTACHIO,XIREC,9968,2
15600,SUBMISSION,,SNACKPACK_STRAWBERRY,XIREC,10005,2
15700,SUBMISSION,,GALAXY_SOUNDS_SOLAR_WINDS,XIREC,9890,2
15700,,SUBMISSION,PEBBLES_M,XIREC,9843,2
15700,SUBMISSION,,PEBBLES_XL,XIREC,9513,2
15700,SUBMISSION,,PEBBLES_XL,XIREC,9501,5
15700,,SUBMISSION,ROBOT_DISHES,XIREC,9917,2
15700,SUBMISSION,,SLEEP_POD_SUEDE,XIREC,10007,2
15700,SUBMISSION,,SNACKPACK_PISTACHIO,XIREC,9970,2
15700,,SUBMISSION,SNACKPACK_RASPBERRY,XIREC,10023,2
15700,,SUBMISSION,TRANSLATOR_GRAPHITE_MIST,XIREC,9904,2
15700,SUBMISSION,,TRANSLATOR_VOID_BLUE,XIREC,10046,2
15700,,,PEBBLES_L,XIREC,10272,5
15700,,,PEBBLES_M,XIREC,9843,5
15700,,,PEBBLES_S,XIREC,10289,5
15700,,,PEBBLES_XS,XIREC,10063,5
15800,SUBMISSION,,GALAXY_SOUNDS_BLACK_HOLES,XIREC,9697,2
15800,SUBMISSION,,GALAXY_SOUNDS_SOLAR_WINDS,XIREC,9874,2
15800,,SUBMISSION,MICROCHIP_CIRCLE,XIREC,9824,2
15800,SUBMISSION,,MICROCHIP_OVAL,XIREC,9803,2
15800,,SUBMISSION,PEBBLES_M,XIREC,9846,2
15800,,SUBMISSION,PEBBLES_XL,XIREC,9479,2
15800,,SUBMISSION,ROBOT_DISHES,XIREC,9923,2
15800,SUBMISSION,,SLEEP_POD_POLYESTER,XIREC,9806,2
15800,SUBMISSION,,SLEEP_POD_SUEDE,XIREC,9996,2
15800,,SUBMISSION,TRANSLATOR_GRAPHITE_MIST,XIREC,9916,2
15800,,SUBMISSION,TRANSLATOR_SPACE_GRAY,XIREC,9905,2
15900,SUBMISSION,,OXYGEN_SHAKE_CHOCOLATE,XIREC,9986,2
15900,,SUBMISSION,PANEL_1X2,XIREC,10018,2
15900,SUBMISSION,,PANEL_1X4,XIREC,10000,2
15900,,SUBMISSION,PEBBLES_M,XIREC,9875,2
15900,,SUBMISSION,PEBBLES_XL,XIREC,9446,2
15900,,SUBMISSION,ROBOT_DISHES,XIREC,9931,2
15900,SUBMISSION,,ROBOT_MOPPING,XIREC,10290,2
15900,SUBMISSION,,SLEEP_POD_SUEDE,XIREC,9996,2
15900,,SUBMISSION,TRANSLATOR_GRAPHITE_MIST,XIREC,9911,2
15900,,SUBMISSION,TRANSLATOR_SPACE_GRAY,XIREC,9903,2
15900,,,PEBBLES_L,XIREC,10277,4
15900,,,PEBBLES_M,XIREC,9875,4
15900,,,PEBBLES_S,XIREC,10296,4
15900,,,PEBBLES_XL,XIREC,9446,4
15900,,,PEBBLES_XS,XIREC,10073,4
16000,,SUBMISSION,MICROCHIP_RECTANGLE,XIREC,10018,2
16000,SUBMISSION,,OXYGEN_SHAKE_CHOCOLATE,XIREC,9976,2
16000,,SUBMISSION,PANEL_1X2,XIREC,10033,2
16000,SUBMISSION,,PANEL_4X4,XIREC,10010,2
16000,,SUBMISSION,PEBBLES_M,XIREC,9875,2
16000,,SUBMISSION,ROBOT_DISHES,XIREC,9929,2
16000,SUBMISSION,,SNACKPACK_CHOCOLATE,XIREC,10025,2
16000,SUBMISSION,,SNACKPACK_RASPBERRY,XIREC,9988,2
16000,,SUBMISSION,TRANSLATOR_SPACE_GRAY,XIREC,9905,2
16100,,SUBMISSION,PANEL_1X2,XIREC,10036,2
16100,,SUBMISSION,PANEL_2X2,XIREC,9755,2
16100,SUBMISSION,,SLEEP_POD_LAMB_WOOL,XIREC,10033,2
16100,SUBMISSION,,SNACKPACK_RASPBERRY,XIREC,9985,2
16100,,SUBMISSION,TRANSLATOR_SPACE_GRAY,XIREC,9906,2
16100,SUBMISSION,,UV_VISOR_ORANGE,XIREC,10180,2
16200,,SUBMISSION,GALAXY_SOUNDS_DARK_MATTER,XIREC,9844,2
16200,,SUBMISSION,MICROCHIP_RECTANGLE,XIREC,10018,2
16200,,SUBMISSION,PANEL_1X2,XIREC,10035,2
16200,SUBMISSION,,SNACKPACK_RASPBERRY,XIREC,9982,2
16200,,SUBMISSION,TRANSLATOR_SPACE_GRAY,XIREC,9904,2
16300,,SUBMISSION,OXYGEN_SHAKE_MINT,XIREC,9964,2
16300,,SUBMISSION,PEBBLES_XS,XIREC,10103,2
16300,,SUBMISSION,TRANSLATOR_SPACE_GRAY,XIREC,9907,2
16300,,SUBMISSION,UV_VISOR_AMBER,XIREC,9810,2
16400,,SUBMISSION,OXYGEN_SHAKE_MINT,XIREC,9968,2
16400,,SUBMISSION,PEBBLES_XS,XIREC,10113,2
16400,,SUBMISSION,ROBOT_LAUNDRY,XIREC,10052,2
16400,,SUBMISSION,SLEEP_POD_POLYESTER,XIREC,9839,2
16400,,SUBMISSION,TRANSLATOR_SPACE_GRAY,XIREC,9914,2
16400,SUBMISSION,,TRANSLATOR_VOID_BLUE,XIREC,10039,2
16500,,SUBMISSION,GALAXY_SOUNDS_BLACK_HOLES,XIREC,9725,2
16500,,SUBMISSION,OXYGEN_SHAKE_MINT,XIREC,9965,2
16500,,SUBMISSION,PANEL_2X2,XIREC,9775,2
16500,SUBMISSION,,PEBBLES_L,XIREC,10272,2
16500,SUBMISSION,,PEBBLES_M,XIREC,9811,2
16500,,SUBMISSION,ROBOT_LAUNDRY,XIREC,10063,2
16500,,SUBMISSION,SLEEP_POD_POLYESTER,XIREC,9845,2
16500,SUBMISSION,,TRANSLATOR_GRAPHITE_MIST,XIREC,9871,2
16500,,SUBMISSION,TRANSLATOR_SPACE_GRAY,XIREC,9912,2
16500,SUBMISSION,,UV_VISOR_ORANGE,XIREC,10188,2
16500,,SUBMISSION,UV_VISOR_YELLOW,XIREC,10061,2
16600,,SUBMISSION,GALAXY_SOUNDS_BLACK_HOLES,XIREC,9748,2
16600,SUBMISSION,,MICROCHIP_OVAL,XIREC,9787,2
16600,,SUBMISSION,OXYGEN_SHAKE_MINT,XIREC,9970,2
16600,,SUBMISSION,PANEL_2X2,XIREC,9793,2
16600,,SUBMISSION,PEBBLES_XS,XIREC,10151,2
16600,,SUBMISSION,ROBOT_LAUNDRY,XIREC,10058,2
16600,,SUBMISSION,SLEEP_POD_POLYESTER,XIREC,9851,2
16700,,SUBMISSION,GALAXY_SOUNDS_BLACK_HOLES,XIREC,9756,2
16700,,SUBMISSION,OXYGEN_SHAKE_MINT,XIREC,9978,2
16700,,SUBMISSION,PEBBLES_XS,XIREC,10148,2
16700,,SUBMISSION,ROBOT_LAUNDRY,XIREC,10058,2
16700,SUBMISSION,,SNACKPACK_STRAWBERRY,XIREC,10018,2
16800,SUBMISSION,,MICROCHIP_SQUARE,XIREC,10123,2
16800,,SUBMISSION,OXYGEN_SHAKE_MINT,XIREC,9977,2
16800,,SUBMISSION,PANEL_1X4,XIREC,10052,2
16800,SUBMISSION,,PANEL_2X4,XIREC,10217,2
16800,,SUBMISSION,ROBOT_LAUNDRY,XIREC,10053,2
16800,SUBMISSION,,ROBOT_MOPPING,XIREC,10269,2
16800,,SUBMISSION,ROBOT_VACUUMING,XIREC,9838,2
16800,,SUBMISSION,SLEEP_POD_POLYESTER,XIREC,9866,2
16800,SUBMISSION,,TRANSLATOR_VOID_BLUE,XIREC,10036,2
16800,SUBMISSION,,UV_VISOR_ORANGE,XIREC,10176,2
16900,,SUBMISSION,PEBBLES_S,XIREC,10329,2
16900,SUBMISSION,,ROBOT_IRONING,XIREC,9904,2
16900,,SUBMISSION,ROBOT_LAUNDRY,XIREC,10055,2
16900,,SUBMISSION,SLEEP_POD_POLYESTER,XIREC,9863,2
16900,SUBMISSION,,UV_VISOR_ORANGE,XIREC,10170,2
17000,SUBMISSION,,GALAXY_SOUNDS_PLANETARY_RINGS,XIREC,10135,2
17000,SUBMISSION,,MICROCHIP_RECTANGLE,XIREC,9992,2
17000,,SUBMISSION,OXYGEN_SHAKE_MORNING_BREATH,XIREC,10008,2
17000,,SUBMISSION,SLEEP_POD_POLYESTER,XIREC,9862,2
17000,SUBMISSION,,TRANSLATOR_VOID_BLUE,XIREC,10017,2
17100,,SUBMISSION,GALAXY_SOUNDS_BLACK_HOLES,XIREC,9791,2
17100,SUBMISSION,,MICROCHIP_OVAL,XIREC,9762,2
17100,SUBMISSION,,MICROCHIP_RECTANGLE,XIREC,9986,2
17100,SUBMISSION,,OXYGEN_SHAKE_CHOCOLATE,XIREC,9966,2
17100,SUBMISSION,,ROBOT_DISHES,XIREC,9884,2
17100,,SUBMISSION,SLEEP_POD_POLYESTER,XIREC,9867,2
17100,SUBMISSION,,TRANSLATOR_VOID_BLUE,XIREC,10011,2
17200,,SUBMISSION,OXYGEN_SHAKE_MORNING_BREATH,XIREC,10015,2
17200,SUBMISSION,,ROBOT_DISHES,XIREC,9884,2
17200,SUBMISSION,,ROBOT_IRONING,XIREC,9894,2
17200,,SUBMISSION,ROBOT_VACUUMING,XIREC,9854,2
17200,SUBMISSION,,TRANSLATOR_VOID_BLUE,XIREC,10007,2
17200,,SUBMISSION,UV_VISOR_YELLOW,XIREC,10060,2
17300,SUBMISSION,,MICROCHIP_OVAL,XIREC,9723,2
17300,,SUBMISSION,MICROCHIP_RECTANGLE,XIREC,10019,2
17300,SUBMISSION,,OXYGEN_SHAKE_MINT,XIREC,9943,2
17300,,SUBMISSION,OXYGEN_SHAKE_MORNING_BREATH,XIREC,10024,2
17300,,SUBMISSION,PANEL_1X2,XIREC,10058,1
17300,,SUBMISSION,PEBBLES_M,XIREC,9864,2
17300,SUBMISSION,,ROBOT_DISHES,XIREC,9885,2
17300,,SUBMISSION,UV_VISOR_AMBER,XIREC,9830,2
17400,,SUBMISSION,MICROCHIP_RECTANGLE,XIREC,10024,2
17400,SUBMISSION,,OXYGEN_SHAKE_MINT,XIREC,9935,2
17400,SUBMISSION,,ROBOT_DISHES,XIREC,9891,2
17400,SUBMISSION,,ROBOT_IRONING,XIREC,9884,2
17400,SUBMISSION,,SLEEP_POD_LAMB_WOOL,XIREC,10054,2
17400,,SUBMISSION,UV_VISOR_AMBER,XIREC,9841,2
17500,,SUBMISSION,MICROCHIP_RECTANGLE,XIREC,10031,2
17500,SUBMISSION,,OXYGEN_SHAKE_MINT,XIREC,9922,2
17500,,SUBMISSION,PEBBLES_M,XIREC,9871,4
17500,,SUBMISSION,PEBBLES_S,XIREC,10318,4
17500,,SUBMISSION,PEBBLES_XS,XIREC,10086,4
17500,SUBMISSION,,ROBOT_LAUNDRY,XIREC,10015,2
17500,,SUBMISSION,SLEEP_POD_POLYESTER,XIREC,9875,2
17500,,SUBMISSION,UV_VISOR_AMBER,XIREC,9852,1
17500,,,PEBBLES_L,XIREC,10315,4
17500,,,PEBBLES_XL,XIREC,9437,4
17600,SUBMISSION,,GALAXY_SOUNDS_DARK_MATTER,XIREC,9822,2
17600,SUBMISSION,,MICROCHIP_TRIANGLE,XIREC,9970,2
17600,SUBMISSION,,OXYGEN_SHAKE_MINT,XIREC,9911,2
17600,,SUBMISSION,OXYGEN_SHAKE_MORNING_BREATH,XIREC,10026,2
17600,,SUBMISSION,PANEL_2X2,XIREC,9818,2
17600,SUBMISSION,,ROBOT_LAUNDRY,XIREC,10003,2
17600,SUBMISSION,,SLEEP_POD_LAMB_WOOL,XIREC,10033,2
17600,,SUBMISSION,SLEEP_POD_POLYESTER,XIREC,9878,1
17700,,SUBMISSION,MICROCHIP_RECTANGLE,XIREC,10031,2
17700,SUBMISSION,,MICROCHIP_TRIANGLE,XIREC,9970,2
17700,SUBMISSION,,OXYGEN_SHAKE_MINT,XIREC,9914,2
17700,,SUBMISSION,PEBBLES_S,XIREC,10345,2
17700,SUBMISSION,,ROBOT_LAUNDRY,XIREC,10007,2
17700,,SUBMISSION,SLEEP_POD_SUEDE,XIREC,10053,2
17700,,SUBMISSION,SNACKPACK_PISTACHIO,XIREC,9994,2
17700,SUBMISSION,,UV_VISOR_ORANGE,XIREC,10166,2
17700,SUBMISSION,,UV_VISOR_RED,XIREC,10176,2
17800,SUBMISSION,,GALAXY_SOUNDS_PLANETARY_RINGS,XIREC,10079,2
17800,,SUBMISSION,GALAXY_SOUNDS_SOLAR_WINDS,XIREC,9909,2
17800,SUBMISSION,,PEBBLES_M,XIREC,9840,2
17800,SUBMISSION,,ROBOT_LAUNDRY,XIREC,10003,2
17800,SUBMISSION,,SLEEP_POD_LAMB_WOOL,XIREC,10022,2
17800,SUBMISSION,,SLEEP_POD_NYLON,XIREC,9984,2
17800,,SUBMISSION,SLEEP_POD_SUEDE,XIREC,10052,2
17800,,SUBMISSION,SNACKPACK_PISTACHIO,XIREC,9994,2
17900,SUBMISSION,,GALAXY_SOUNDS_PLANETARY_RINGS,XIREC,10086,2
17900,,SUBMISSION,MICROCHIP_RECTANGLE,XIREC,10028,2
17900,,SUBMISSION,PEBBLES_S,XIREC,10352,2
17900,SUBMISSION,,ROBOT_DISHES,XIREC,9893,2
17900,SUBMISSION,,SLEEP_POD_NYLON,XIREC,9995,2
18000,SUBMISSION,,GALAXY_SOUNDS_PLANETARY_RINGS,XIREC,10074,2
18000,,SUBMISSION,MICROCHIP_RECTANGLE,XIREC,10033,2
18000,SUBMISSION,,OXYGEN_SHAKE_CHOCOLATE,XIREC,9956,2
18000,SUBMISSION,,OXYGEN_SHAKE_MINT,XIREC,9894,2
18000,,SUBMISSION,PEBBLES_M,XIREC,9888,2
18000,SUBMISSION,,ROBOT_LAUNDRY,XIREC,9991,2
18000,SUBMISSION,,SLEEP_POD_NYLON,XIREC,10005,2
18000,,SUBMISSION,SLEEP_POD_SUEDE,XIREC,10059,2
18100,SUBMISSION,,GALAXY_SOUNDS_PLANETARY_RINGS,XIREC,10071,2
18100,,SUBMISSION,MICROCHIP_RECTANGLE,XIREC,10034,2
18100,SUBMISSION,,SLEEP_POD_NYLON,XIREC,10001,2
18100,SUBMISSION,,TRANSLATOR_GRAPHITE_MIST,XIREC,9879,2
18200,,SUBMISSION,GALAXY_SOUNDS_SOLAR_FLAMES,XIREC,9924,2
18200,SUBMISSION,,MICROCHIP_SQUARE,XIREC,10077,2
18200,SUBMISSION,,PANEL_2X4,XIREC,10213,2
18200,SUBMISSION,,SLEEP_POD_NYLON,XIREC,10002,2
18200,,SUBMISSION,SLEEP_POD_SUEDE,XIREC,10064,2
18200,SUBMISSION,,TRANSLATOR_GRAPHITE_MIST,XIREC,9860,2
18200,,SUBMISSION,UV_VISOR_YELLOW,XIREC,10060,2
18300,,SUBMISSION,GALAXY_SOUNDS_DARK_MATTER,XIREC,9855,2
18300,SUBMISSION,,PEBBLES_L,XIREC,10315,2
18300,,SUBMISSION,PEBBLES_S,XIREC,10365,2
18300,SUBMISSION,,ROBOT_LAUNDRY,XIREC,9989,2
18300,,SUBMISSION,SNACKPACK_CHOCOLATE,XIREC,10065,2
18300,,SUBMISSION,TRANSLATOR_ASTRO_BLACK,XIREC,10009,2
18300,SUBMISSION,,TRANSLATOR_GRAPHITE_MIST,XIREC,9875,2
18300,SUBMISSION,,UV_VISOR_RED,XIREC,10164,2
18300,,SUBMISSION,UV_VISOR_YELLOW,XIREC,10066,2
18400,,SUBMISSION,GALAXY_SOUNDS_DARK_MATTER,XIREC,9854,2
18400,SUBMISSION,,OXYGEN_SHAKE_EVENING_BREATH,XIREC,9906,2
18400,,SUBMISSION,PEBBLES_S,XIREC,10389,2
18400,,SUBMISSION,TRANSLATOR_ASTRO_BLACK,XIREC,10027,2
18500,,SUBMISSION,GALAXY_SOUNDS_DARK_MATTER,XIREC,9876,2
18500,,SUBMISSION,MICROCHIP_RECTANGLE,XIREC,10029,2
18500,,SUBMISSION,TRANSLATOR_ASTRO_BLACK,XIREC,10028,2
18500,,SUBMISSION,TRANSLATOR_ECLIPSE_CHARCOAL,XIREC,10051,2
18600,,SUBMISSION,GALAXY_SOUNDS_DARK_MATTER,XIREC,9875,2
18600,,SUBMISSION,GALAXY_SOUNDS_SOLAR_WINDS,XIREC,9912,2
18600,,SUBMISSION,MICROCHIP_RECTANGLE,XIREC,10038,2
18600,,SUBMISSION,PANEL_2X4,XIREC,10253,2
18600,,SUBMISSION,TRANSLATOR_ECLIPSE_CHARCOAL,XIREC,10043,2
18700,,SUBMISSION,GALAXY_SOUNDS_DARK_MATTER,XIREC,9873,2
18700,,SUBMISSION,OXYGEN_SHAKE_MORNING_BREATH,XIREC,10018,2
18700,SUBMISSION,,ROBOT_DISHES,XIREC,9883,2
18700,SUBMISSION,,SLEEP_POD_NYLON,XIREC,9997,2
18700,,SUBMISSION,TRANSLATOR_ECLIPSE_CHARCOAL,XIREC,10035,2
18700,SUBMISSION,,TRANSLATOR_GRAPHITE_MIST,XIREC,9865,2
18700,,SUBMISSION,TRANSLATOR_SPACE_GRAY,XIREC,9939,2
18800,,SUBMISSION,GALAXY_SOUNDS_DARK_MATTER,XIREC,9869,1
18800,,SUBMISSION,MICROCHIP_CIRCLE,XIREC,9759,2
18800,,SUBMISSION,OXYGEN_SHAKE_MORNING_BREATH,XIREC,10035,2
18800,,SUBMISSION,PANEL_4X4,XIREC,10027,2
18800,SUBMISSION,,ROBOT_DISHES,XIREC,9886,2
18800,,SUBMISSION,ROBOT_IRONING,XIREC,9926,2
18800,SUBMISSION,,SLEEP_POD_NYLON,XIREC,9973,2
18800,,SUBMISSION,TRANSLATOR_ASTRO_BLACK,XIREC,10026,2
18800,,SUBMISSION,TRANSLATOR_ECLIPSE_CHARCOAL,XIREC,10035,2
18800,SUBMISSION,,TRANSLATOR_GRAPHITE_MIST,XIREC,9846,2
18800,,SUBMISSION,TRANSLATOR_SPACE_GRAY,XIREC,9949,2
18900,,SUBMISSION,MICROCHIP_OVAL,XIREC,9797,2
18900,,SUBMISSION,OXYGEN_SHAKE_MORNING_BREATH,XIREC,10045,2
18900,,SUBMISSION,PANEL_4X4,XIREC,10022,2
18900,,SUBMISSION,ROBOT_IRONING,XIREC,9946,2
18900,SUBMISSION,,ROBOT_VACUUMING,XIREC,9794,2
18900,SUBMISSION,,SLEEP_POD_NYLON,XIREC,9972,2
18900,,SUBMISSION,TRANSLATOR_ECLIPSE_CHARCOAL,XIREC,10041,2
18900,SUBMISSION,,TRANSLATOR_GRAPHITE_MIST,XIREC,9832,1
18900,,SUBMISSION,UV_VISOR_ORANGE,XIREC,10197,2
18900,,,MICROCHIP_CIRCLE,XIREC,9743,1
18900,,,MICROCHIP_OVAL,XIREC,9797,1
18900,,,MICROCHIP_RECTANGLE,XIREC,10010,1
18900,,,MICROCHIP_SQUARE,XIREC,10067,1
18900,,,MICROCHIP_TRIANGLE,XIREC,9965,1
19000,,SUBMISSION,GALAXY_SOUNDS_SOLAR_FLAMES,XIREC,9963,2
19000,SUBMISSION,,PANEL_1X4,XIREC,10019,2
19000,,SUBMISSION,ROBOT_IRONING,XIREC,9946,2
19000,SUBMISSION,,SLEEP_POD_LAMB_WOOL,XIREC,10020,2
19000,SUBMISSION,,UV_VISOR_RED,XIREC,10156,2
19100,SUBMISSION,,GALAXY_SOUNDS_PLANETARY_RINGS,XIREC,10064,2
19100,,SUBMISSION,GALAXY_SOUNDS_SOLAR_FLAMES,XIREC,9967,2
19100,,SUBMISSION,MICROCHIP_OVAL,XIREC,9809,2
19100,,SUBMISSION,OXYGEN_SHAKE_MORNING_BREATH,XIREC,10055,2
19100,,SUBMISSION,PANEL_4X4,XIREC,10041,2
19100,SUBMISSION,,PEBBLES_M,XIREC,9841,2
19100,,SUBMISSION,ROBOT_IRONING,XIREC,9960,2
19200,,SUBMISSION,GALAXY_SOUNDS_SOLAR_FLAMES,XIREC,9962,2
19200,,SUBMISSION,MICROCHIP_OVAL,XIREC,9820,2
19200,,SUBMISSION,MICROCHIP_RECTANGLE,XIREC,10033,2
19200,,SUBMISSION,PANEL_4X4,XIREC,10045,2
19200,,SUBMISSION,ROBOT_IRONING,XIREC,9986,2
19300,,SUBMISSION,MICROCHIP_OVAL,XIREC,9824,2
19300,,SUBMISSION,PANEL_4X4,XIREC,10068,2
19300,SUBMISSION,,PEBBLES_M,XIREC,9804,2
19300,,SUBMISSION,ROBOT_IRONING,XIREC,9976,2
19300,,SUBMISSION,TRANSLATOR_ECLIPSE_CHARCOAL,XIREC,10058,2
19400,,SUBMISSION,PANEL_4X4,XIREC,10071,2
19400,SUBMISSION,,PEBBLES_M,XIREC,9809,2
19400,,SUBMISSION,ROBOT_IRONING,XIREC,9966,2
19400,SUBMISSION,,SLEEP_POD_NYLON,XIREC,9962,2
19400,,SUBMISSION,TRANSLATOR_ECLIPSE_CHARCOAL,XIREC,10082,2
19500,,SUBMISSION,MICROCHIP_OVAL,XIREC,9835,2
19500,,SUBMISSION,PEBBLES_L,XIREC,10319,2
19500,SUBMISSION,,PEBBLES_M,XIREC,9803,2
19500,,SUBMISSION,ROBOT_IRONING,XIREC,9976,2
19500,,SUBMISSION,TRANSLATOR_ECLIPSE_CHARCOAL,XIREC,10088,2
19600,,SUBMISSION,GALAXY_SOUNDS_SOLAR_WINDS,XIREC,9923,2
19600,,SUBMISSION,PANEL_4X4,XIREC,10074,2
19600,SUBMISSION,,PEBBLES_L,XIREC,10319,2
19600,,SUBMISSION,ROBOT_VACUUMING,XIREC,9826,2
19600,SUBMISSION,,SLEEP_POD_LAMB_WOOL,XIREC,10008,2
19600,,SUBMISSION,SNACKPACK_STRAWBERRY,XIREC,10055,2
19700,,SUBMISSION,GALAXY_SOUNDS_SOLAR_WINDS,XIREC,9934,2
19700,,SUBMISSION,OXYGEN_SHAKE_MORNING_BREATH,XIREC,10076,2
19700,SUBMISSION,,PANEL_2X2,XIREC,9872,2
19700,,SUBMISSION,PEBBLES_L,XIREC,10340,2
19700,SUBMISSION,,ROBOT_MOPPING,XIREC,10242,2
19700,SUBMISSION,,SLEEP_POD_LAMB_WOOL,XIREC,9993,2
19700,,SUBMISSION,SNACKPACK_STRAWBERRY,XIREC,10061,2
19700,SUBMISSION,,TRANSLATOR_ASTRO_BLACK,XIREC,10008,2
19700,,SUBMISSION,TRANSLATOR_ECLIPSE_CHARCOAL,XIREC,10089,2
19700,SUBMISSION,,UV_VISOR_ORANGE,XIREC,10176,2
19700,,,MICROCHIP_CIRCLE,XIREC,9731,1
19700,,,MICROCHIP_OVAL,XIREC,9812,1
19700,,,MICROCHIP_RECTANGLE,XIREC,10049,1
19700,,,MICROCHIP_SQUARE,XIREC,10066,1
19700,,,MICROCHIP_TRIANGLE,XIREC,9963,1
19800,,SUBMISSION,GALAXY_SOUNDS_SOLAR_WINDS,XIREC,9932,2
19800,,SUBMISSION,PANEL_4X4,XIREC,10095,2
19800,SUBMISSION,,PEBBLES_M,XIREC,9773,2
19800,SUBMISSION,,SLEEP_POD_LAMB_WOOL,XIREC,9993,2
19800,,SUBMISSION,SNACKPACK_PISTACHIO,XIREC,9996,2
19800,SUBMISSION,,SNACKPACK_RASPBERRY,XIREC,9957,2
19800,,SUBMISSION,SNACKPACK_STRAWBERRY,XIREC,10068,2
19900,SUBMISSION,,GALAXY_SOUNDS_BLACK_HOLES,XIREC,9728,2
19900,,SUBMISSION,GALAXY_SOUNDS_SOLAR_FLAMES,XIREC,9979,2
19900,,SUBMISSION,GALAXY_SOUNDS_SOLAR_WINDS,XIREC,9938,2
19900,SUBMISSION,,PEBBLES_M,XIREC,9744,2
19900,SUBMISSION,,PEBBLES_XS,XIREC,10145,2
19900,,SUBMISSION,SNACKPACK_PISTACHIO,XIREC,10002,2
20000,SUBMISSION,,GALAXY_SOUNDS_BLACK_HOLES,XIREC,9713,2
20000,,SUBMISSION,MICROCHIP_OVAL,XIREC,9883,2
20000,,SUBMISSION,PEBBLES_XL,XIREC,9362,2
20000,,SUBMISSION,SNACKPACK_PISTACHIO,XIREC,10006,2
20100,SUBMISSION,,GALAXY_SOUNDS_BLACK_HOLES,XIREC,9709,2
20100,,SUBMISSION,GALAXY_SOUNDS_SOLAR_WINDS,XIREC,9950,2
20100,,SUBMISSION,MICROCHIP_OVAL,XIREC,9875,2
20100,SUBMISSION,,MICROCHIP_SQUARE,XIREC,10026,2
20100,SUBMISSION,,MICROCHIP_TRIANGLE,XIREC,9951,2
20100,SUBMISSION,,PANEL_2X2,XIREC,9868,2
20100,,SUBMISSION,PANEL_4X4,XIREC,10100,2
20100,SUBMISSION,,PEBBLES_XS,XIREC,10151,2
20100,SUBMISSION,,SLEEP_POD_NYLON,XIREC,9929,2
20100,,SUBMISSION,SNACKPACK_PISTACHIO,XIREC,10002,2
20100,,SUBMISSION,TRANSLATOR_ASTRO_BLACK,XIREC,10030,2
20100,,,PEBBLES_L,XIREC,10401,2
20100,,,PEBBLES_M,XIREC,9700,2
20100,,,PEBBLES_S,XIREC,10398,2
20100,,,PEBBLES_XL,XIREC,9320,2
20200,SUBMISSION,,GALAXY_SOUNDS_BLACK_HOLES,XIREC,9710,2
20200,,SUBMISSION,GALAXY_SOUNDS_SOLAR_WINDS,XIREC,9942,2
20200,,SUBMISSION,MICROCHIP_OVAL,XIREC,9886,2
20200,SUBMISSION,,MICROCHIP_TRIANGLE,XIREC,9944,1
20200,,SUBMISSION,OXYGEN_SHAKE_EVENING_BREATH,XIREC,9924,2
20300,SUBMISSION,,MICROCHIP_SQUARE,XIREC,9996,2
20300,,SUBMISSION,OXYGEN_SHAKE_EVENING_BREATH,XIREC,9944,2
20300,,SUBMISSION,UV_VISOR_ORANGE,XIREC,10199,2
20300,SUBMISSION,,UV_VISOR_RED,XIREC,10134,2
20400,,SUBMISSION,GALAXY_SOUNDS_PLANETARY_RINGS,XIREC,10130,2
20400,,SUBMISSION,OXYGEN_SHAKE_EVENING_BREATH,XIREC,9964,2
20400,SUBMISSION,,PANEL_2X2,XIREC,9855,2
20400,,SUBMISSION,SLEEP_POD_COTTON,XIREC,9875,2
20400,SUBMISSION,,UV_VISOR_YELLOW,XIREC,10019,2
20500,,SUBMISSION,GALAXY_SOUNDS_PLANETARY_RINGS,XIREC,10125,2
20500,,SUBMISSION,OXYGEN_SHAKE_EVENING_BREATH,XIREC,9994,2
20500,SUBMISSION,,PANEL_1X4,XIREC,10020,2
20500,,SUBMISSION,ROBOT_DISHES,XIREC,9923,2
20500,SUBMISSION,,UV_VISOR_RED,XIREC,10119,2
20500,SUBMISSION,,UV_VISOR_YELLOW,XIREC,10010,2
20600,,SUBMISSION,OXYGEN_SHAKE_EVENING_BREATH,XIREC,9994,2
20600,SUBMISSION,,PANEL_1X4,XIREC,10007,2
20600,SUBMISSION,,PANEL_2X2,XIREC,9836,2
20600,,SUBMISSION,ROBOT_DISHES,XIREC,9938,2
20600,SUBMISSION,,ROBOT_VACUUMING,XIREC,9786,2
20600,SUBMISSION,,TRANSLATOR_ASTRO_BLACK,XIREC,10003,2
20600,SUBMISSION,,UV_VISOR_YELLOW,XIREC,10008,2
20700,,SUBMISSION,OXYGEN_SHAKE_EVENING_BREATH,XIREC,9994,2
20700,SUBMISSION,,PANEL_1X4,XIREC,10003,2
20700,,SUBMISSION,ROBOT_DISHES,XIREC,9934,2
20700,SUBMISSION,,TRANSLATOR_ASTRO_BLACK,XIREC,10001,2
20700,,SUBMISSION,TRANSLATOR_VOID_BLUE,XIREC,10043,2
20700,,SUBMISSION,UV_VISOR_MAGENTA,XIREC,10117,2
20700,SUBMISSION,,UV_VISOR_RED,XIREC,10101,2
20800,,SUBMISSION,OXYGEN_SHAKE_CHOCOLATE,XIREC,9944,2
20800,,SUBMISSION,OXYGEN_SHAKE_EVENING_BREATH,XIREC,9994,2
20800,SUBMISSION,,PANEL_2X2,XIREC,9814,2
20800,,SUBMISSION,ROBOT_DISHES,XIREC,9932,2
20800,,SUBMISSION,ROBOT_MOPPING,XIREC,10261,2
20900,,SUBMISSION,MICROCHIP_TRIANGLE,XIREC,9984,2
20900,,SUBMISSION,OXYGEN_SHAKE_CHOCOLATE,XIREC,9954,2
20900,,SUBMISSION,OXYGEN_SHAKE_EVENING_BREATH,XIREC,9994,2
20900,SUBMISSION,,PANEL_1X4,XIREC,10002,2
20900,,SUBMISSION,ROBOT_DISHES,XIREC,9926,2
20900,,SUBMISSION,TRANSLATOR_VOID_BLUE,XIREC,10040,2
21000,,SUBMISSION,MICROCHIP_TRIANGLE,XIREC,9977,2
21000,,SUBMISSION,OXYGEN_SHAKE_EVENING_BREATH,XIREC,9994,2
21000,SUBMISSION,,PEBBLES_L,XIREC,10336,2
21000,,SUBMISSION,PEBBLES_XL,XIREC,9389,2
21000,,SUBMISSION,ROBOT_MOPPING,XIREC,10269,2
21000,,SUBMISSION,SLEEP_POD_COTTON,XIREC,9900,2
21000,SUBMISSION,,SLEEP_POD_POLYESTER,XIREC,9877,2
21000,,SUBMISSION,TRANSLATOR_ASTRO_BLACK,XIREC,10024,2
21000,,SUBMISSION,TRANSLATOR_VOID_BLUE,XIREC,10042,2
21100,,SUBMISSION,OXYGEN_SHAKE_EVENING_BREATH,XIREC,9994,2
21100,,SUBMISSION,TRANSLATOR_ASTRO_BLACK,XIREC,10028,2
21100,,SUBMISSION,TRANSLATOR_VOID_BLUE,XIREC,10044,2
21100,SUBMISSION,,UV_VISOR_AMBER,XIREC,9956,2
21200,,SUBMISSION,MICROCHIP_CIRCLE,XIREC,9752,2
21200,,SUBMISSION,MICROCHIP_TRIANGLE,XIREC,9995,2
21200,SUBMISSION,,OXYGEN_SHAKE_GARLIC,XIREC,9940,2
21200,,SUBMISSION,ROBOT_DISHES,XIREC,9932,2
21200,,SUBMISSION,ROBOT_MOPPING,XIREC,10280,2
21200,SUBMISSION,,SNACKPACK_CHOCOLATE,XIREC,10055,2
21300,,SUBMISSION,MICROCHIP_TRIANGLE,XIREC,10002,2
21300,SUBMISSION,,PEBBLES_XL,XIREC,9359,2
21300,,SUBMISSION,ROBOT_DISHES,XIREC,9931,2
21300,,SUBMISSION,ROBOT_VACUUMING,XIREC,9823,2
21300,,SUBMISSION,SLEEP_POD_COTTON,XIREC,9897,2
21300,SUBMISSION,,SLEEP_POD_POLYESTER,XIREC,9873,2
21400,,SUBMISSION,MICROCHIP_TRIANGLE,XIREC,9990,2
21400,SUBMISSION,,SLEEP_POD_POLYESTER,XIREC,9875,2
21400,SUBMISSION,,UV_VISOR_ORANGE,XIREC,10162,2
21500,SUBMISSION,,GALAXY_SOUNDS_BLACK_HOLES,XIREC,9711,2
21500,,SUBMISSION,MICROCHIP_TRIANGLE,XIREC,9995,2
21500,SUBMISSION,,OXYGEN_SHAKE_GARLIC,XIREC,9933,2
21500,,SUBMISSION,OXYGEN_SHAKE_MINT,XIREC,9899,2
21500,,SUBMISSION,ROBOT_VACUUMING,XIREC,9835,2
21500,,SUBMISSION,SLEEP_POD_COTTON,XIREC,9911,2
21500,SUBMISSION,,UV_VISOR_ORANGE,XIREC,10156,2
21600,SUBMISSION,,GALAXY_SOUNDS_BLACK_HOLES,XIREC,9703,2
21600,,SUBMISSION,MICROCHIP_TRIANGLE,XIREC,10006,2
21600,,SUBMISSION,OXYGEN_SHAKE_MINT,XIREC,9902,2
21600,,SUBMISSION,PEBBLES_XS,XIREC,10219,2
21600,,SUBMISSION,SLEEP_POD_COTTON,XIREC,9929,2
21600,SUBMISSION,,SLEEP_POD_POLYESTER,XIREC,9877,2
21600,SUBMISSION,,UV_VISOR_ORANGE,XIREC,10152,2
21700,SUBMISSION,,GALAXY_SOUNDS_BLACK_HOLES,XIREC,9698,1
21700,,SUBMISSION,GALAXY_SOUNDS_SOLAR_FLAMES,XIREC,9982,2
21700,,SUBMISSION,OXYGEN_SHAKE_MINT,XIREC,9903,2
21700,SUBMISSION,,ROBOT_DISHES,XIREC,9895,2
21700,SUBMISSION,,ROBOT_MOPPING,XIREC,10242,2
21700,SUBMISSION,,SLEEP_POD_POLYESTER,XIREC,9866,2
21700,SUBMISSION,,UV_VISOR_ORANGE,XIREC,10153,2
21800,,SUBMISSION,MICROCHIP_TRIANGLE,XIREC,9991,2
21800,SUBMISSION,,SLEEP_POD_LAMB_WOOL,XIREC,9983,2
21800,SUBMISSION,,SLEEP_POD_POLYESTER,XIREC,9858,2
21800,SUBMISSION,,UV_VISOR_ORANGE,XIREC,10141,2
21900,,SUBMISSION,MICROCHIP_TRIANGLE,XIREC,9998,2
21900,,SUBMISSION,OXYGEN_SHAKE_MINT,XIREC,9897,2
21900,SUBMISSION,,PANEL_2X4,XIREC,10240,2
21900,,SUBMISSION,PEBBLES_XL,XIREC,9384,2
21900,SUBMISSION,,ROBOT_MOPPING,XIREC,10216,2
21900,,SUBMISSION,ROBOT_VACUUMING,XIREC,9841,2
21900,,SUBMISSION,SLEEP_POD_NYLON,XIREC,9939,2
21900,SUBMISSION,,SLEEP_POD_POLYESTER,XIREC,9861,2
21900,SUBMISSION,,UV_VISOR_AMBER,XIREC,9957,2
21900,SUBMISSION,,UV_VISOR_ORANGE,XIREC,10139,2
22000,,SUBMISSION,MICROCHIP_TRIANGLE,XIREC,10011,2
22000,,SUBMISSION,OXYGEN_SHAKE_MINT,XIREC,9906,2
22000,,SUBMISSION,ROBOT_LAUNDRY,XIREC,10003,2
22000,SUBMISSION,,ROBOT_MOPPING,XIREC,10210,2
22000,,SUBMISSION,SLEEP_POD_NYLON,XIREC,9944,2
22000,SUBMISSION,,SLEEP_POD_POLYESTER,XIREC,9855,2
22000,,SUBMISSION,TRANSLATOR_ASTRO_BLACK,XIREC,10032,2
22100,SUBMISSION,,PANEL_1X2,XIREC,10149,2
22100,SUBMISSION,,PEBBLES_XL,XIREC,9318,2
22100,,SUBMISSION,ROBOT_LAUNDRY,XIREC,9996,2
22100,SUBMISSION,,ROBOT_MOPPING,XIREC,10206,2
22100,,SUBMISSION,TRANSLATOR_ASTRO_BLACK,XIREC,10043,2
22200,SUBMISSION,,PANEL_1X2,XIREC,10166,2
22200,,SUBMISSION,ROBOT_DISHES,XIREC,9943,2
22200,,SUBMISSION,ROBOT_LAUNDRY,XIREC,9992,2
22200,SUBMISSION,,ROBOT_MOPPING,XIREC,10221,2
22200,SUBMISSION,,SLEEP_POD_POLYESTER,XIREC,9843,2
22200,,SUBMISSION,TRANSLATOR_GRAPHITE_MIST,XIREC,9858,2
22200,SUBMISSION,,TRANSLATOR_SPACE_GRAY,XIREC,10084,2
22200,SUBMISSION,,UV_VISOR_AMBER,XIREC,9951,2
22300,SUBMISSION,,PANEL_1X2,XIREC,10171,2
22300,,SUBMISSION,PEBBLES_M,XIREC,9698,2
22300,,SUBMISSION,ROBOT_DISHES,XIREC,9941,1
22300,,SUBMISSION,ROBOT_LAUNDRY,XIREC,10003,2
22300,,SUBMISSION,ROBOT_VACUUMING,XIREC,9855,2
22300,,SUBMISSION,SLEEP_POD_NYLON,XIREC,9959,2
22300,,SUBMISSION,TRANSLATOR_GRAPHITE_MIST,XIREC,9856,2
22400,,SUBMISSION,MICROCHIP_SQUARE,XIREC,10093,2
22400,SUBMISSION,,PANEL_1X2,XIREC,10169,2
22400,,SUBMISSION,ROBOT_LAUNDRY,XIREC,10004,2
22400,SUBMISSION,,ROBOT_MOPPING,XIREC,10214,2
22400,,SUBMISSION,TRANSLATOR_GRAPHITE_MIST,XIREC,9866,2
22500,,SUBMISSION,MICROCHIP_CIRCLE,XIREC,9765,2
22500,,SUBMISSION,MICROCHIP_SQUARE,XIREC,10103,2
22500,,SUBMISSION,OXYGEN_SHAKE_MINT,XIREC,9915,2
22500,SUBMISSION,,ROBOT_MOPPING,XIREC,10212,2
22500,,SUBMISSION,ROBOT_VACUUMING,XIREC,9852,2
22500,,SUBMISSION,SLEEP_POD_LAMB_WOOL,XIREC,10019,2
22500,,SUBMISSION,SLEEP_POD_NYLON,XIREC,9963,2
22500,SUBMISSION,,SLEEP_POD_POLYESTER,XIREC,9845,2
22500,,SUBMISSION,TRANSLATOR_GRAPHITE_MIST,XIREC,9870,2
22500,,SUBMISSION,UV_VISOR_YELLOW,XIREC,10065,2
22600,SUBMISSION,,GALAXY_SOUNDS_SOLAR_FLAMES,XIREC,9939,2
22600,,SUBMISSION,MICROCHIP_SQUARE,XIREC,10115,2
22600,SUBMISSION,,PEBBLES_S,XIREC,10408,2
22600,,SUBMISSION,SLEEP_POD_COTTON,XIREC,9940,2
22600,,SUBMISSION,SLEEP_POD_LAMB_WOOL,XIREC,10020,2
22600,,SUBMISSION,SNACKPACK_RASPBERRY,XIREC,9971,2
22600,,SUBMISSION,TRANSLATOR_ASTRO_BLACK,XIREC,10039,2
22600,SUBMISSION,,TRANSLATOR_ECLIPSE_CHARCOAL,XIREC,10062,2
22600,SUBMISSION,,TRANSLATOR_VOID_BLUE,XIREC,10009,2
22600,,SUBMISSION,UV_VISOR_YELLOW,XIREC,10068,2
22700,,SUBMISSION,MICROCHIP_SQUARE,XIREC,10106,2
22700,SUBMISSION,,OXYGEN_SHAKE_GARLIC,XIREC,9938,2
22700,SUBMISSION,,PANEL_1X4,XIREC,9988,2
22700,SUBMISSION,,PANEL_2X2,XIREC,9825,2
22700,,SUBMISSION,PEBBLES_XL,XIREC,9351,2
22700,,SUBMISSION,SLEEP_POD_LAMB_WOOL,XIREC,10026,2
22700,,SUBMISSION,SNACKPACK_RASPBERRY,XIREC,9985,2
22700,SUBMISSION,,SNACKPACK_STRAWBERRY,XIREC,10054,2
22700,SUBMISSION,,TRANSLATOR_ECLIPSE_CHARCOAL,XIREC,10064,2
22700,,SUBMISSION,TRANSLATOR_GRAPHITE_MIST,XIREC,9873,2
22700,SUBMISSION,,TRANSLATOR_SPACE_GRAY,XIREC,10091,2
22700,,SUBMISSION,UV_VISOR_YELLOW,XIREC,10072,2
22800,SUBMISSION,,GALAXY_SOUNDS_SOLAR_FLAMES,XIREC,9940,2
22800,SUBMISSION,,MICROCHIP_OVAL,XIREC,9802,2
22800,,SUBMISSION,MICROCHIP_SQUARE,XIREC,10116,2
22800,SUBMISSION,,OXYGEN_SHAKE_CHOCOLATE,XIREC,9916,2
22800,SUBMISSION,,OXYGEN_SHAKE_GARLIC,XIREC,9932,2
22800,SUBMISSION,,PANEL_1X4,XIREC,9990,2
22800,,SUBMISSION,SLEEP_POD_LAMB_WOOL,XIREC,10030,2
22800,,SUBMISSION,SNACKPACK_RASPBERRY,XIREC,9988,2
22800,SUBMISSION,,SNACKPACK_STRAWBERRY,XIREC,10050,2
22800,,SUBMISSION,TRANSLATOR_ASTRO_BLACK,XIREC,10046,2
22800,,SUBMISSION,TRANSLATOR_GRAPHITE_MIST,XIREC,9872,2
22800,,SUBMISSION,UV_VISOR_YELLOW,XIREC,10078,2
22900,SUBMISSION,,MICROCHIP_OVAL,XIREC,9778,2
22900,,SUBMISSION,MICROCHIP_SQUARE,XIREC,10124,2
22900,SUBMISSION,,OXYGEN_SHAKE_CHOCOLATE,XIREC,9906,2
22900,,SUBMISSION,SLEEP_POD_LAMB_WOOL,XIREC,10032,2
22900,,SUBMISSION,SNACKPACK_RASPBERRY,XIREC,9988,2
22900,,SUBMISSION,TRANSLATOR_GRAPHITE_MIST,XIREC,9879,2
22900,,SUBMISSION,UV_VISOR_YELLOW,XIREC,10073,2
23000,SUBMISSION,,MICROCHIP_OVAL,XIREC,9772,2
23000,,SUBMISSION,MICROCHIP_SQUARE,XIREC,10145,2
23000,SUBMISSION,,OXYGEN_SHAKE_CHOCOLATE,XIREC,9906,2
23000,,SUBMISSION,SLEEP_POD_COTTON,XIREC,9959,2
23000,,SUBMISSION,SLEEP_POD_LAMB_WOOL,XIREC,10038,2
23000,,SUBMISSION,TRANSLATOR_GRAPHITE_MIST,XIREC,9884,2
23100,,SUBMISSION,GALAXY_SOUNDS_PLANETARY_RINGS,XIREC,10159,2
23100,,SUBMISSION,PEBBLES_M,XIREC,9699,2
23100,,SUBMISSION,PEBBLES_XL,XIREC,9410,2
23100,SUBMISSION,,SNACKPACK_CHOCOLATE,XIREC,10067,2
23100,,SUBMISSION,SNACKPACK_VANILLA,XIREC,9954,2
23200,SUBMISSION,,PANEL_2X2,XIREC,9793,2
23200,,SUBMISSION,SLEEP_POD_LAMB_WOOL,XIREC,10038,2
23200,,SUBMISSION,SLEEP_POD_NYLON,XIREC,9966,2
23200,SUBMISSION,,SLEEP_POD_SUEDE,XIREC,10211,2
23200,SUBMISSION,,SNACKPACK_PISTACHIO,XIREC,9984,2
23200,,SUBMISSION,SNACKPACK_RASPBERRY,XIREC,9993,2
23200,SUBMISSION,,SNACKPACK_STRAWBERRY,XIREC,10045,2
23200,,SUBMISSION,SNACKPACK_VANILLA,XIREC,9945,2
23300,SUBMISSION,,MICROCHIP_OVAL,XIREC,9788,2
23300,,SUBMISSION,PEBBLES_S,XIREC,10388,2
23300,,SUBMISSION,PEBBLES_XS,XIREC,10197,3
23300,,SUBMISSION,SLEEP_POD_LAMB_WOOL,XIREC,10045,2
23300,,SUBMISSION,SNACKPACK_RASPBERRY,XIREC,9991,2
23300,SUBMISSION,,TRANSLATOR_SPACE_GRAY,XIREC,10053,2
23300,SUBMISSION,,UV_VISOR_AMBER,XIREC,9944,2
23300,,,PEBBLES_L,XIREC,10291,3
23300,,,PEBBLES_M,XIREC,9688,3
23300,,,PEBBLES_S,XIREC,10389,1
23300,,,PEBBLES_XL,XIREC,9466,3
23400,SUBMISSION,,GALAXY_SOUNDS_SOLAR_WINDS,XIREC,9929,2
23400,SUBMISSION,,MICROCHIP_OVAL,XIREC,9788,2
23400,SUBMISSION,,PANEL_2X4,XIREC,10256,2
23400,SUBMISSION,,PEBBLES_S,XIREC,10378,2
23400,SUBMISSION,,TRANSLATOR_SPACE_GRAY,XIREC,10040,2
23500,SUBMISSION,,MICROCHIP_OVAL,XIREC,9774,2
23500,SUBMISSION,,PANEL_2X2,XIREC,9758,2
23500,SUBMISSION,,PEBBLES_S,XIREC,10374,2
23500,,SUBMISSION,SLEEP_POD_LAMB_WOOL,XIREC,10049,2
23500,SUBMISSION,,SNACKPACK_PISTACHIO,XIREC,9982,2
23500,SUBMISSION,,SNACKPACK_STRAWBERRY,XIREC,10046,2
23500,SUBMISSION,,TRANSLATOR_ECLIPSE_CHARCOAL,XIREC,10071,2
23600,SUBMISSION,,MICROCHIP_OVAL,XIREC,9746,2
23600,SUBMISSION,,MICROCHIP_RECTANGLE,XIREC,10005,2
23600,SUBMISSION,,PANEL_4X4,XIREC,10115,2
23600,SUBMISSION,,PEBBLES_L,XIREC,10271,2
23600,,SUBMISSION,PEBBLES_M,XIREC,9693,2
23600,SUBMISSION,,PEBBLES_S,XIREC,10364,2
23600,,SUBMISSION,PEBBLES_XL,XIREC,9495,2
23600,,SUBMISSION,ROBOT_LAUNDRY,XIREC,10005,2
23600,,SUBMISSION,SLEEP_POD_LAMB_WOOL,XIREC,10048,2
23600,SUBMISSION,,TRANSLATOR_ECLIPSE_CHARCOAL,XIREC,10066,2
23700,SUBMISSION,,MICROCHIP_RECTANGLE,XIREC,10023,2
23700,,SUBMISSION,MICROCHIP_SQUARE,XIREC,10186,2
23700,SUBMISSION,,PEBBLES_S,XIREC,10374,2
23700,,SUBMISSION,ROBOT_LAUNDRY,XIREC,10010,2
23700,SUBMISSION,,SNACKPACK_PISTACHIO,XIREC,9979,2
23700,SUBMISSION,,TRANSLATOR_ECLIPSE_CHARCOAL,XIREC,10059,2
23800,SUBMISSION,,MICROCHIP_OVAL,XIREC,9762,2
23800,,SUBMISSION,MICROCHIP_SQUARE,XIREC,10191,2
23800,SUBMISSION,,PANEL_1X2,XIREC,10152,2
23800,SUBMISSION,,PEBBLES_L,XIREC,10247,2
23800,SUBMISSION,,ROBOT_IRONING,XIREC,9984,2
23800,,SUBMISSION,ROBOT_LAUNDRY,XIREC,10031,2
23800,SUBMISSION,,SNACKPACK_PISTACHIO,XIREC,9972,2
23800,SUBMISSION,,SNACKPACK_STRAWBERRY,XIREC,10045,2
23800,SUBMISSION,,TRANSLATOR_ECLIPSE_CHARCOAL,XIREC,10019,2
23800,,SUBMISSION,UV_VISOR_YELLOW,XIREC,10101,2
23900,,SUBMISSION,PANEL_2X4,XIREC,10273,2
23900,,SUBMISSION,ROBOT_LAUNDRY,XIREC,10036,2
23900,SUBMISSION,,SNACKPACK_PISTACHIO,XIREC,9964,2
23900,,SUBMISSION,SNACKPACK_RASPBERRY,XIREC,10001,2
23900,SUBMISSION,,SNACKPACK_STRAWBERRY,XIREC,10035,2
23900,SUBMISSION,,TRANSLATOR_ECLIPSE_CHARCOAL,XIREC,10005,2
24000,SUBMISSION,,GALAXY_SOUNDS_SOLAR_WINDS,XIREC,9941,2
24000,SUBMISSION,,OXYGEN_SHAKE_CHOCOLATE,XIREC,9886,2
24000,,SUBMISSION,OXYGEN_SHAKE_GARLIC,XIREC,9971,2
24000,SUBMISSION,,PEBBLES_L,XIREC,10235,2
24000,SUBMISSION,,PEBBLES_S,XIREC,10381,2
24000,,SUBMISSION,ROBOT_LAUNDRY,XIREC,10040,2
24000,SUBMISSION,,SLEEP_POD_SUEDE,XIREC,10169,2
24000,SUBMISSION,,SNACKPACK_PISTACHIO,XIREC,9967,2
24000,SUBMISSION,,TRANSLATOR_ECLIPSE_CHARCOAL,XIREC,10022,2
24000,SUBMISSION,,TRANSLATOR_VOID_BLUE,XIREC,10001,2
24100,,SUBMISSION,GALAXY_SOUNDS_SOLAR_FLAMES,XIREC,9978,2
24100,SUBMISSION,,MICROCHIP_RECTANGLE,XIREC,10024,2
24100,SUBMISSION,,PEBBLES_L,XIREC,10225,2
24100,,SUBMISSION,PEBBLES_M,XIREC,9691,2
24100,SUBMISSION,,PEBBLES_S,XIREC,10376,2
24100,SUBMISSION,,ROBOT_IRONING,XIREC,9984,2
24100,SUBMISSION,,SLEEP_POD_SUEDE,XIREC,10174,2
24100,SUBMISSION,,SNACKPACK_PISTACHIO,XIREC,9968,2
24100,SUBMISSION,,TRANSLATOR_ECLIPSE_CHARCOAL,XIREC,10014,2
24200,,SUBMISSION,GALAXY_SOUNDS_SOLAR_FLAMES,XIREC,9982,2
24200,SUBMISSION,,OXYGEN_SHAKE_EVENING_BREATH,XIREC,10107,2
24200,,SUBMISSION,PANEL_2X4,XIREC,10283,2
24200,SUBMISSION,,PEBBLES_XS,XIREC,10177,2
24300,,SUBMISSION,GALAXY_SOUNDS_SOLAR_FLAMES,XIREC,9985,2
24300,SUBMISSION,,PEBBLES_XS,XIREC,10157,2
24300,SUBMISSION,,SLEEP_POD_SUEDE,XIREC,10158,2
24300,SUBMISSION,,SNACKPACK_CHOCOLATE,XIREC,10070,2
24300,,SUBMISSION,SNACKPACK_VANILLA,XIREC,9948,2
24400,SUBMISSION,,PANEL_1X2,XIREC,10117,2
24400,,SUBMISSION,PANEL_2X4,XIREC,10293,2
24400,SUBMISSION,,PANEL_4X4,XIREC,10112,2
24400,SUBMISSION,,PEBBLES_M,XIREC,9646,2
24400,,SUBMISSION,PEBBLES_XL,XIREC,9581,2
24400,SUBMISSION,,PEBBLES_XS,XIREC,10150,2
24400,,SUBMISSION,SNACKPACK_VANILLA,XIREC,9950,2
24400,SUBMISSION,,TRANSLATOR_VOID_BLUE,XIREC,9982,2
24400,,SUBMISSION,UV_VISOR_RED,XIREC,10032,2
24500,SUBMISSION,,MICROCHIP_RECTANGLE,XIREC,10014,2
24500,SUBMISSION,,OXYGEN_SHAKE_EVENING_BREATH,XIREC,10107,2
24500,,SUBMISSION,PANEL_2X4,XIREC,10311,2
24500,SUBMISSION,,PANEL_4X4,XIREC,10110,2
24500,,SUBMISSION,PEBBLES_M,XIREC,9664,5
24500,SUBMISSION,,PEBBLES_XS,XIREC,10137,2
24500,SUBMISSION,,SNACKPACK_CHOCOLATE,XIREC,10062,2
24500,,SUBMISSION,SNACKPACK_VANILLA,XIREC,9956,2
24500,SUBMISSION,,TRANSLATOR_SPACE_GRAY,XIREC,10053,2
24500,SUBMISSION,,TRANSLATOR_VOID_BLUE,XIREC,9984,2
24500,,,PEBBLES_L,XIREC,10232,5
24500,,,PEBBLES_S,XIREC,10375,5
24500,,,PEBBLES_XL,XIREC,9622,5
24500,,,PEBBLES_XS,XIREC,10137,5
24600,SUBMISSION,,GALAXY_SOUNDS_SOLAR_WINDS,XIREC,9945,2
24600,SUBMISSION,,OXYGEN_SHAKE_MORNING_BREATH,XIREC,10101,2
24600,,SUBMISSION,PANEL_2X4,XIREC,10320,2
24600,SUBMISSION,,PANEL_4X4,XIREC,10112,2
24600,SUBMISSION,,PEBBLES_M,XIREC,9672,2
24600,SUBMISSION,,PEBBLES_XS,XIREC,10128,2
24600,SUBMISSION,,SNACKPACK_CHOCOLATE,XIREC,10060,2
24700,,SUBMISSION,GALAXY_SOUNDS_BLACK_HOLES,XIREC,9729,2
24700,SUBMISSION,,GALAXY_SOUNDS_SOLAR_FLAMES,XIREC,9954,2
24700,SUBMISSION,,OXYGEN_SHAKE_MORNING_BREATH,XIREC,10102,2
24700,SUBMISSION,,PEBBLES_XS,XIREC,10121,2
24700,,SUBMISSION,SLEEP_POD_NYLON,XIREC,9966,2
24700,SUBMISSION,,SLEEP_POD_SUEDE,XIREC,10141,2
24800,,SUBMISSION,GALAXY_SOUNDS_BLACK_HOLES,XIREC,9719,2
24800,SUBMISSION,,OXYGEN_SHAKE_MORNING_BREATH,XIREC,10096,2
24800,SUBMISSION,,PANEL_4X4,XIREC,10104,2
24800,,SUBMISSION,ROBOT_VACUUMING,XIREC,9863,2
24800,,SUBMISSION,SLEEP_POD_COTTON,XIREC,10005,2
24900,,SUBMISSION,GALAXY_SOUNDS_BLACK_HOLES,XIREC,9722,2
24900,SUBMISSION,,MICROCHIP_RECTANGLE,XIREC,10011,2
24900,SUBMISSION,,PEBBLES_XS,XIREC,10113,2
24900,,SUBMISSION,ROBOT_VACUUMING,XIREC,9874,1
24900,SUBMISSION,,UV_VISOR_MAGENTA,XIREC,10139,2
25000,,SUBMISSION,GALAXY_SOUNDS_BLACK_HOLES,XIREC,9731,2
25000,SUBMISSION,,MICROCHIP_RECTANGLE,XIREC,9992,2
25000,SUBMISSION,,OXYGEN_SHAKE_EVENING_BREATH,XIREC,10107,2
25000,SUBMISSION,,PEBBLES_M,XIREC,9662,2
25000,SUBMISSION,,PEBBLES_S,XIREC,10381,2
25000,SUBMISSION,,UV_VISOR_MAGENTA,XIREC,10125,2
25000,,SUBMISSION,UV_VISOR_RED,XIREC,10015,2
25000,,,PEBBLES_L,XIREC,10222,2
25000,,,PEBBLES_XL,XIREC,9596,2
25000,,,PEBBLES_XS,XIREC,10108,2
25100,SUBMISSION,,OXYGEN_SHAKE_MORNING_BREATH,XIREC,10081,2
25100,,SUBMISSION,PANEL_4X4,XIREC,10119,2
25100,SUBMISSION,,PEBBLES_XS,XIREC,10095,2
25100,SUBMISSION,,UV_VISOR_MAGENTA,XIREC,10110,2
25200,,SUBMISSION,GALAXY_SOUNDS_BLACK_HOLES,XIREC,9728,2
25200,,SUBMISSION,PANEL_4X4,XIREC,10144,2
25200,SUBMISSION,,UV_VISOR_AMBER,XIREC,9962,2
25200,SUBMISSION,,UV_VISOR_MAGENTA,XIREC,10113,2
25300,SUBMISSION,,MICROCHIP_OVAL,XIREC,9733,2
25300,SUBMISSION,,OXYGEN_SHAKE_MINT,XIREC,9899,2
25300,,SUBMISSION,PANEL_4X4,XIREC,10149,2
25300,SUBMISSION,,ROBOT_LAUNDRY,XIREC,9966,2
25300,SUBMISSION,,SNACKPACK_RASPBERRY,XIREC,9955,2
25300,SUBMISSION,,TRANSLATOR_SPACE_GRAY,XIREC,10039,2
25300,SUBMISSION,,UV_VISOR_MAGENTA,XIREC,10109,2
25400,SUBMISSION,,GALAXY_SOUNDS_PLANETARY_RINGS,XIREC,10143,2
25400,SUBMISSION,,OXYGEN_SHAKE_GARLIC,XIREC,9937,2
25400,,SUBMISSION,PEBBLES_M,XIREC,9662,2
25400,SUBMISSION,,ROBOT_LAUNDRY,XIREC,9948,2
25400,SUBMISSION,,SNACKPACK_RASPBERRY,XIREC,9958,2
25500,SUBMISSION,,OXYGEN_SHAKE_MINT,XIREC,9891,2
25500,SUBMISSION,,ROBOT_LAUNDRY,XIREC,9941,2
25600,SUBMISSION,,OXYGEN_SHAKE_EVENING_BREATH,XIREC,10107,2
25600,SUBMISSION,,OXYGEN_SHAKE_MINT,XIREC,9882,2
25600,SUBMISSION,,PANEL_4X4,XIREC,10128,2
25600,SUBMISSION,,PEBBLES_XS,XIREC,10075,2
25600,SUBMISSION,,ROBOT_IRONING,XIREC,9984,2
25600,SUBMISSION,,ROBOT_LAUNDRY,XIREC,9928,2
25600,,SUBMISSION,UV_VISOR_RED,XIREC,10016,2
25700,SUBMISSION,,GALAXY_SOUNDS_BLACK_HOLES,XIREC,9687,2
25700,SUBMISSION,,OXYGEN_SHAKE_MINT,XIREC,9868,2
25700,,SUBMISSION,PANEL_1X4,XIREC,9989,2
25700,SUBMISSION,,ROBOT_IRONING,XIREC,9974,2
25700,SUBMISSION,,ROBOT_LAUNDRY,XIREC,9940,2
25700,SUBMISSION,,SNACKPACK_CHOCOLATE,XIREC,10054,2
25700,,SUBMISSION,SNACKPACK_VANILLA,XIREC,9961,2
25700,,SUBMISSION,TRANSLATOR_VOID_BLUE,XIREC,10020,2
25800,SUBMISSION,,GALAXY_SOUNDS_BLACK_HOLES,XIREC,9679,2
25800,SUBMISSION,,GALAXY_SOUNDS_DARK_MATTER,XIREC,9867,2
25800,,SUBMISSION,GALAXY_SOUNDS_SOLAR_FLAMES,XIREC,9986,2
25800,SUBMISSION,,OXYGEN_SHAKE_MINT,XIREC,9863,2
25800,SUBMISSION,,PANEL_1X2,XIREC,10089,2
25800,SUBMISSION,,PEBBLES_XS,XIREC,10048,1
25800,SUBMISSION,,ROBOT_LAUNDRY,XIREC,9936,2
25800,SUBMISSION,,SNACKPACK_CHOCOLATE,XIREC,10053,2
25800,,SUBMISSION,SNACKPACK_VANILLA,XIREC,9964,2
25800,SUBMISSION,,TRANSLATOR_ASTRO_BLACK,XIREC,10037,2
25800,SUBMISSION,,UV_VISOR_AMBER,XIREC,9942,2
25900,SUBMISSION,,GALAXY_SOUNDS_DARK_MATTER,XIREC,9857,2
25900,,SUBMISSION,GALAXY_SOUNDS_SOLAR_FLAMES,XIREC,9987,2
25900,SUBMISSION,,ROBOT_LAUNDRY,XIREC,9939,2
25900,SUBMISSION,,SNACKPACK_CHOCOLATE,XIREC,10049,2
25900,,SUBMISSION,SNACKPACK_VANILLA,XIREC,9969,2
25900,SUBMISSION,,TRANSLATOR_ASTRO_BLACK,XIREC,10035,2
25900,,SUBMISSION,UV_VISOR_RED,XIREC,10045,2
26000,SUBMISSION,,GALAXY_SOUNDS_DARK_MATTER,XIREC,9867,2
26000,SUBMISSION,,MICROCHIP_CIRCLE,XIREC,9724,2
26000,SUBMISSION,,PANEL_4X4,XIREC,10122,2
26000,SUBMISSION,,ROBOT_DISHES,XIREC,9915,2
26000,SUBMISSION,,ROBOT_LAUNDRY,XIREC,9942,2
26000,SUBMISSION,,SNACKPACK_CHOCOLATE,XIREC,10037,2
26000,,SUBMISSION,SNACKPACK_VANILLA,XIREC,9980,2
26100,SUBMISSION,,MICROCHIP_CIRCLE,XIREC,9731,2
26100,,SUBMISSION,OXYGEN_SHAKE_GARLIC,XIREC,9967,2
26100,,SUBMISSION,PANEL_2X2,XIREC,9844,2
26100,,SUBMISSION,PEBBLES_S,XIREC,10407,2
26100,SUBMISSION,,ROBOT_DISHES,XIREC,9907,2
26100,,SUBMISSION,SLEEP_POD_SUEDE,XIREC,10226,2
26100,,SUBMISSION,SNACKPACK_PISTACHIO,XIREC,10000,2
26100,,SUBMISSION,SNACKPACK_STRAWBERRY,XIREC,10073,2
26100,SUBMISSION,,TRANSLATOR_GRAPHITE_MIST,XIREC,9851,2
26100,,SUBMISSION,UV_VISOR_ORANGE,XIREC,10065,2
26200,SUBMISSION,,MICROCHIP_CIRCLE,XIREC,9739,2
26200,,SUBMISSION,OXYGEN_SHAKE_GARLIC,XIREC,9975,2
26200,,SUBMISSION,PANEL_2X2,XIREC,9845,2
26200,SUBMISSION,,ROBOT_DISHES,XIREC,9898,2
26200,,SUBMISSION,SLEEP_POD_NYLON,XIREC,9995,2
26200,SUBMISSION,,SNACKPACK_CHOCOLATE,XIREC,10044,2
26200,,SUBMISSION,SNACKPACK_PISTACHIO,XIREC,10007,2
26200,SUBMISSION,,SNACKPACK_RASPBERRY,XIREC,9943,2
26200,,SUBMISSION,SNACKPACK_STRAWBERRY,XIREC,10083,2
26200,,SUBMISSION,SNACKPACK_VANILLA,XIREC,9974,2
26200,SUBMISSION,,TRANSLATOR_GRAPHITE_MIST,XIREC,9849,2
26200,SUBMISSION,,UV_VISOR_AMBER,XIREC,9925,2
26200,,SUBMISSION,UV_VISOR_ORANGE,XIREC,10063,2
26300,SUBMISSION,,GALAXY_SOUNDS_BLACK_HOLES,XIREC,9664,2
26300,SUBMISSION,,MICROCHIP_CIRCLE,XIREC,9737,2
26300,,SUBMISSION,OXYGEN_SHAKE_GARLIC,XIREC,9974,2
26300,,SUBMISSION,PANEL_2X2,XIREC,9842,2
26300,SUBMISSION,,ROBOT_DISHES,XIREC,9890,2
26300,,SUBMISSION,SLEEP_POD_NYLON,XIREC,9997,2
26300,,SUBMISSION,SLEEP_POD_POLYESTER,XIREC,9837,2
26300,,SUBMISSION,SNACKPACK_PISTACHIO,XIREC,10001,2
26300,SUBMISSION,,TRANSLATOR_GRAPHITE_MIST,XIREC,9840,2
26300,,SUBMISSION,UV_VISOR_ORANGE,XIREC,10065,2
26300,SUBMISSION,,UV_VISOR_YELLOW,XIREC,10082,2
26400,SUBMISSION,,GALAXY_SOUNDS_BLACK_HOLES,XIREC,9649,2
26400,SUBMISSION,,GALAXY_SOUNDS_SOLAR_WINDS,XIREC,9942,2
26400,SUBMISSION,,MICROCHIP_CIRCLE,XIREC,9735,2
26400,,SUBMISSION,OXYGEN_SHAKE_EVENING_BREATH,XIREC,10193,2
26400,,SUBMISSION,PEBBLES_S,XIREC,10432,2
26400,SUBMISSION,,ROBOT_DISHES,XIREC,9894,2
26400,,SUBMISSION,SLEEP_POD_NYLON,XIREC,10006,2
26400,,SUBMISSION,SLEEP_POD_POLYESTER,XIREC,9841,2
26400,,SUBMISSION,SNACKPACK_PISTACHIO,XIREC,10006,2
26400,SUBMISSION,,TRANSLATOR_GRAPHITE_MIST,XIREC,9831,2
26500,,SUBMISSION,GALAXY_SOUNDS_PLANETARY_RINGS,XIREC,10172,2
26500,,SUBMISSION,GALAXY_SOUNDS_PLANETARY_RINGS,XIREC,10185,4
26500,SUBMISSION,,GALAXY_SOUNDS_SOLAR_WINDS,XIREC,9924,2
26500,,SUBMISSION,PEBBLES_S,XIREC,10419,2
26500,SUBMISSION,,ROBOT_DISHES,XIREC,9893,2
26500,,SUBMISSION,SLEEP_POD_NYLON,XIREC,10016,2
26500,,SUBMISSION,SLEEP_POD_POLYESTER,XIREC,9842,2
26500,,SUBMISSION,SLEEP_POD_POLYESTER,XIREC,9848,4
26500,,SUBMISSION,SNACKPACK_PISTACHIO,XIREC,10015,2
26500,,SUBMISSION,SNACKPACK_PISTACHIO,XIREC,10032,4
26500,SUBMISSION,,SNACKPACK_RASPBERRY,XIREC,9933,2
26500,,SUBMISSION,SNACKPACK_STRAWBERRY,XIREC,10093,2
26500,,SUBMISSION,SNACKPACK_STRAWBERRY,XIREC,10110,4
26500,SUBMISSION,,TRANSLATOR_GRAPHITE_MIST,XIREC,9832,2
26500,,SUBMISSION,TRANSLATOR_SPACE_GRAY,XIREC,10056,2
26500,,SUBMISSION,TRANSLATOR_SPACE_GRAY,XIREC,10063,4
26500,,SUBMISSION,UV_VISOR_ORANGE,XIREC,10083,2
26500,,SUBMISSION,UV_VISOR_ORANGE,XIREC,10094,4
26500,,SUBMISSION,UV_VISOR_RED,XIREC,10063,4
26500,,,GALAXY_SOUNDS_BLACK_HOLES,XIREC,9656,4
26500,,,GALAXY_SOUNDS_DARK_MATTER,XIREC,9918,4
26500,,,GALAXY_SOUNDS_SOLAR_FLAMES,XIREC,9996,4
26500,,,GALAXY_SOUNDS_SOLAR_WINDS,XIREC,9924,4
26500,,,OXYGEN_SHAKE_CHOCOLATE,XIREC,9806,4
26500,,,OXYGEN_SHAKE_EVENING_BREATH,XIREC,10207,4
26500,,,OXYGEN_SHAKE_GARLIC,XIREC,9984,4
26500,,,OXYGEN_SHAKE_MINT,XIREC,9885,4
26500,,,OXYGEN_SHAKE_MORNING_BREATH,XIREC,10111,4
26500,,,PANEL_1X2,XIREC,10102,4
26500,,,PANEL_1X4,XIREC,9971,4
26500,,,PANEL_2X2,XIREC,9827,4
26500,,,PANEL_2X4,XIREC,10344,4
26500,,,PANEL_4X4,XIREC,10121,4
26500,,,ROBOT_DISHES,XIREC,9893,4
26500,,,ROBOT_IRONING,XIREC,10004,4
26500,,,ROBOT_LAUNDRY,XIREC,9951,4
26500,,,ROBOT_MOPPING,XIREC,10141,4
26500,,,ROBOT_VACUUMING,XIREC,9858,4
26500,,,SLEEP_POD_COTTON,XIREC,10034,4
26500,,,SLEEP_POD_LAMB_WOOL,XIREC,10118,4
26500,,,SLEEP_POD_NYLON,XIREC,10025,4
26500,,,SLEEP_POD_SUEDE,XIREC,10197,4
26500,,,SNACKPACK_CHOCOLATE,XIREC,10047,4
26500,,,SNACKPACK_RASPBERRY,XIREC,9933,4
26500,,,SNACKPACK_VANILLA,XIREC,9990,4
26500,,,TRANSLATOR_ASTRO_BLACK,XIREC,10055,4
26500,,,TRANSLATOR_ECLIPSE_CHARCOAL,XIREC,9924,4
26500,,,TRANSLATOR_GRAPHITE_MIST,XIREC,9832,4
26500,,,TRANSLATOR_VOID_BLUE,XIREC,9992,4
26500,,,UV_VISOR_AMBER,XIREC,9925,4
26500,,,UV_VISOR_MAGENTA,XIREC,10125,4
26500,,,UV_VISOR_YELLOW,XIREC,10102,4
26600,,SUBMISSION,PEBBLES_M,XIREC,9705,2
26600,SUBMISSION,,ROBOT_DISHES,XIREC,9887,2
26600,,SUBMISSION,ROBOT_MOPPING,XIREC,10146,2
26600,,SUBMISSION,SNACKPACK_PISTACHIO,XIREC,10016,2
26600,SUBMISSION,,SNACKPACK_RASPBERRY,XIREC,9930,2
26600,,SUBMISSION,SNACKPACK_STRAWBERRY,XIREC,10099,2
26600,SUBMISSION,,TRANSLATOR_GRAPHITE_MIST,XIREC,9828,2
26600,SUBMISSION,,TRANSLATOR_SPACE_GRAY,XIREC,10051,2
26600,SUBMISSION,,UV_VISOR_RED,XIREC,10064,2
26700,SUBMISSION,,GALAXY_SOUNDS_SOLAR_WINDS,XIREC,9909,2
26700,SUBMISSION,,ROBOT_DISHES,XIREC,9883,2
26700,,SUBMISSION,ROBOT_MOPPING,XIREC,10150,2
26700,,SUBMISSION,SNACKPACK_PISTACHIO,XIREC,10014,1
26700,SUBMISSION,,SNACKPACK_RASPBERRY,XIREC,9937,2
26700,SUBMISSION,,TRANSLATOR_ASTRO_BLACK,XIREC,10036,2
26700,SUBMISSION,,TRANSLATOR_GRAPHITE_MIST,XIREC,9820,2
26700,SUBMISSION,,TRANSLATOR_SPACE_GRAY,XIREC,10041,2
26700,SUBMISSION,,TRANSLATOR_VOID_BLUE,XIREC,9960,2
26800,SUBMISSION,,GALAXY_SOUNDS_PLANETARY_RINGS,XIREC,10159,2
26800,SUBMISSION,,GALAXY_SOUNDS_SOLAR_WINDS,XIREC,9905,2
26800,SUBMISSION,,OXYGEN_SHAKE_MORNING_BREATH,XIREC,10084,2
26800,SUBMISSION,,PANEL_1X4,XIREC,9932,2
26800,,SUBMISSION,PANEL_2X2,XIREC,9840,2
26800,,SUBMISSION,SLEEP_POD_POLYESTER,XIREC,9859,2
26800,SUBMISSION,,TRANSLATOR_ASTRO_BLACK,XIREC,10030,2
26800,SUBMISSION,,TRANSLATOR_GRAPHITE_MIST,XIREC,9823,2
26900,SUBMISSION,,GALAXY_SOUNDS_PLANETARY_RINGS,XIREC,10152,2
26900,SUBMISSION,,GALAXY_SOUNDS_SOLAR_WINDS,XIREC,9899,2
26900,SUBMISSION,,OXYGEN_SHAKE_MORNING_BREATH,XIREC,10076,2
26900,,SUBMISSION,PANEL_2X2,XIREC,9857,2
